1731 2360
119 242 209 283 Phi.

119 358 212 399 Fuc.

118 415 211 458 Pla.

118 473 211 514 Phi.

119 530 211 572 Pla.

117 588 209 630 Phi.

119 646 209 687 Pla.

119 704 208 745 Fue.

119 876 210 917 Phi.

119 934 157 974 F
156 950 208 975 uc.

119 991 209 1032 Phi.

119 1106 156 1146 F
155 1123 207 1149 uc.

117 1476 208 1517 Phi.

116 1649 208 1690 Pla.

116 1707 207 1748 Phi.

114 1823 206 1863 Pla.

115 1880 206 1921 Phi.

116 1995 207 2036 Pla.

729 119 770 169 F
777 119 974 170 UCUS
1240 125 1366 179 [Αετ.
1392 137 1430 180 3,
1453 124 1514 165 Sc.
1539 128 1584 178 9⁵

544 245 609 286 En
641 257 783 299 sponte
814 247 885 286 tibi
919 257 1067 286 nostrae
1101 257 1239 299 patent
1272 247 1386 286 fores.

292 301 508 356 Ingredere
538 318 692 357 quaeso,
725 319 797 344 cur
829 306 898 343 has
929 303 1087 343 delicias
1118 303 1241 344 facis?

293 359 437 412 Impiae
472 362 534 400 hae
569 373 662 400 sunt
694 362 810 413 aedes,
844 362 967 414 impia
999 361 1204 401 habitatio.

298 418 377 468 Ha,
411 419 474 470 ha,
507 419 570 470 he,
604 417 879 459 Philomathes
911 417 1197 459 Philomathes.

1226 475 1340 523 Quid
1371 475 1456 516 ais?

295 531 379 588 lotij
415 532 660 574 memineris.

677 592 799 644 probe
831 606 984 631 mones.

1009 660 1048 689 at
1080 659 1249 689 matura.
1542 669 1583 699 40

289 705 357 744 Ad
394 705 594 745 Invidiam
632 717 670 746 et
708 705 972 747 Calumniam
1007 707 1086 747 iam
1124 707 1222 746 mihi
1261 706 1582 760 confugiendum

406 764 536 815 video,

294 821 454 860 Harum
486 836 560 873 ope
592 821 718 861 fretus
747 836 850 861 sum.

880 880 1004 931 Fuce‚
1036 879 1140 919 audi.

292 935 398 981 Quis
430 946 475 975 tu
507 951 547 975 es
577 937 645 990 qui
681 951 730 976 ex
762 937 844 976 istis
876 937 1051 989 profanis
1082 936 1280 990 eloqueris
1312 936 1495 978 aedibus?

293 992 510 1033 Comoedia
542 995 646 1034 hanc
679 995 749 1033 tibi
783 995 910 1033 mittit
941 1009 1087 1047 aquam
1121 994 1389 1047 benedictam,

292 1050 459 1091 Amoris
488 1052 546 1091 sui
580 1052 736 1106 pignus.

757 1110 798 1149 in
830 1109 980 1149 malam
1013 1124 1112 1161 rem,
1145 1107 1355 1166 mastigia!
1543 1129 1582 1161 45

290 1164 455 1219 Dignus
486 1181 591 1222 egon
622 1167 759 1206 videor
790 1182 914 1220 quem
947 1178 991 1207 tu
1022 1168 1076 1207 sic
1108 1168 1291 1220 accipias,
1322 1167 1544 1209 scelerate?

291 1224 351 1263 At
383 1225 412 1263 si
445 1225 521 1264 hoc
554 1225 720 1277 impune
754 1225 853 1264 ferat
886 1224 1161 1265 Comoedia—

291 1280 366 1321 Sed
399 1282 497 1321 iram
531 1283 571 1321 in
603 1282 766 1322 vltionis
796 1283 1051 1322 occasionem
1084 1281 1278 1323 differam.
1467 1283 1584 1337 [Exit

463 1379 729 1420 Philomathes.
792 1380 967 1420 Plausus.
1029 1380 1069 1420 in
1102 1380 1229 1421 Scena.

292 1477 360 1517 Ha
391 1477 454 1517 he.
518 1491 608 1516 mea
639 1477 920 1528 commoditas,
952 1477 1036 1517 sine
1069 1487 1108 1517 te
1141 1477 1359 1518 deosculer.

292 1534 448 1574 Annon
505 1535 718 1574 hominem
776 1535 898 1587 probe
955 1534 1121 1575 salutavi
1178 1550 1274 1575 cum
1328 1550 1433 1589 aqua
1492 1549 1583 1577 mea

406 1591 586 1632 rosacea?
1542 1612 1583 1645 50

290 1649 437 1701 Laute,
469 1650 597 1702 lepide
630 1650 797 1690 factum.
860 1649 960 1689 nihil
993 1651 1126 1703 potuit
1156 1665 1287 1704 supra.

289 1707 528 1747 Vindictam
560 1708 705 1760 opinor
737 1707 802 1747 ille
834 1722 945 1748 nunc
977 1708 1128 1763 cogitat
1160 1719 1199 1748 et
1230 1723 1325 1748 sane
1357 1709 1520 1763 cogitet.

290 1764 383 1805 Nos
414 1765 483 1816 illi,
517 1766 572 1804 mi
605 1764 784 1817 Plausus,
816 1775 957 1805 contra
989 1765 1265 1806 insidiabimur
1297 1767 1492 1820 gnaviter.

286 1822 477 1876 AEquum
509 1833 580 1862 est.

606 1880 778 1920 Interim
809 1881 999 1920 adeamus
1030 1880 1292 1921 Comoediam

290 1938 349 1978 Vt
382 1937 492 1978 illam
525 1938 572 1977 de
605 1950 753 1978 eventu
785 1939 948 1978 anxiam
980 1938 1238 1979 consolemur
1268 1939 1418 1980 sedulo.
1540 1961 1578 1991 55

290 1996 401 2036 Huic
434 2006 504 2036 tuo
535 1995 734 2048 applaudo
766 1996 946 2036 consilio.
1009 1995 1176 2037 Eamus.
