1731 2360
192 129 260 181 80
799 134 1046 184 FUCUS
1315 142 1442 196 [ACT.
1469 153 1507 196 5,
1525 142 1588 185 Sc.
1612 148 1658 196 4⁸

557 301 781 347 AcTUS
822 317 864 363 5.
938 302 1176 348 SCAENA
1212 310 1275 361 42.

585 408 796 460 Ingenium.
859 408 1058 449 Iudicium.
1121 409 1256 450 Fucus.

189 497 275 550 Ing.
365 498 436 537 An
469 513 564 553 ergo
595 498 629 539 F
633 514 710 539 uco
741 499 925 554 supplicij
958 500 1051 539 satis
1081 511 1196 553 putat
1227 500 1333 541 alma
1363 511 1492 542 mater

364 557 484 609 ipsius
515 555 724 609 perfidiam
756 568 795 597 et
827 556 1025 596 malitiam
1057 557 1282 598 detexisse?

190 612 277 653 Iud.
1295 615 1461 669 Quippe
1492 615 1564 657 ni?

363 686 494 725 neque
526 672 651 723 enim,
684 672 917 726 Ingenium,
949 672 1058 726 leges,
1087 672 1318 714 Comoediae
1352 673 1483 714 ferent

365 730 606 782 catastrophi
639 731 856 783 quicquam
887 729 1095 770 admisceri
1129 730 1262 771 luctus
1292 741 1332 771 et
1364 732 1549 772 tristitiae.

191 785 276 839 Ing.
371 786 521 826 Hercle
538 802 629 826 vera
646 802 793 827 narras.
835 798 955 840 atque
973 803 1116 828 eccum
1135 787 1250 828 illum
1268 803 1389 842 quem
1406 788 1607 830 volumus.
1637 806 1654 839 5

364 844 574 884 Adeamus
598 845 800 885 adeamus.
855 844 983 896 Quid,
1005 845 1102 899 quid
1128 846 1293 885 tandem
1318 847 1373 886 ais
1394 845 1653 887 clanculum?

364 901 434 941 Ah
461 902 517 941 mi
542 903 772 942 suavissime
799 900 831 942 F
835 916 924 954 uce,
946 913 1147 956 quantum
1173 918 1247 957 ego
1272 904 1343 943 tibi
1368 903 1414 943 de
1438 903 1656 945 Comoedia

481 974 571 999 mea
596 959 722 999 debeo
743 958 751 999 l

362 1016 531 1056 Nihilne
564 1031 682 1070 porro
713 1028 783 1057 tua
812 1032 873 1058 ars
904 1019 1061 1058 efficere
1094 1028 1224 1071 potest
1254 1018 1455 1071 amplius?

365 1073 604 1115 Calumnias
629 1075 885 1116 evomuistin’
911 1075 1083 1116 omnes?
1124 1075 1225 1116 nihil
1254 1077 1416 1116 invidiae
1449 1075 1652 1130 superest?

191 1132 280 1172 Fuc.
362 1131 476 1179 Quid
509 1147 620 1172 nunc
651 1133 913 1186 respondeam
945 1134 1093 1174 nescio.

189 1191 274 1243 Ing.
913 1191 1008 1244 quid
1040 1202 1126 1231 tute
1159 1191 1328 1231 tecum?
1369 1192 1569 1246 eloquere.
1616 1212 1657 1234 10

365 1248 564 1301 Nunquid
596 1262 778 1300 omnem,
811 1248 937 1300 Fuce,
970 1249 1166 1302 pudorem
1198 1260 1238 1288 et
1268 1264 1390 1305 genas
1421 1248 1608 1289 exueris?

190 1306 277 1347 Iud.
368 1305 474 1353 Quis
519 1305 642 1345 talem
690 1306 851 1346 Fucum
895 1321 944 1346 ex
987 1306 1103 1346 vultu
1145 1307 1355 1347 crederet?
1402 1307 1470 1347 sed
1511 1321 1655 1348 eccum

479 1362 795 1416 Philomathem,

363 1432 406 1461 vt
437 1421 555 1475 gestit
586 1419 732 1461 miser!

643 1563 861 1609 SCENA
910 1563 1202 1616 QUINTA.

191 1670 321 1711 Fucus.
384 1669 595 1722 Ingenium.
660 1669 859 1710 Iudicium.
928 1669 1198 1711 Philomathes.
1264 1671 1474 1711 Comoedia.
1535 1671 1654 1713 Puer.

190 1761 281 1802 Phi.
365 1760 406 1802 O
433 1761 580 1801 festum
603 1761 710 1800 diem
732 1759 739 1800 ἔ
783 1762 862 1800 iam
884 1761 1049 1801 tandem
1072 1777 1145 1802 nos
1165 1761 1275 1815 quod
1296 1761 1485 1802 laetemur
1506 1763 1655 1815 evenit,

362 1820 505 1872 Atque
539 1818 699 1858 Fucum
732 1819 957 1859 obnoxium
989 1820 1183 1859 habemus
1215 1820 1256 1859 in
1288 1830 1530 1873 perpetuum

364 1877 430 1916 Ne
453 1890 631 1929 vnquam
654 1874 857 1915 offendere
879 1877 1043 1929 posthac
1065 1891 1138 1917 nos
1158 1877 1315 1918 audeat.
1357 1888 1477 1931 atque
1493 1892 1652 1918 eccum.

363 1934 449 1984 Ah,
473 1935 529 1973 mi
553 1944 677 1986 pater,
699 1933 774 1973 alia
796 1934 844 1973 ad
867 1945 906 1974 te
928 1935 1012 1974 fero
1034 1935 1181 1988 flagitia
1204 1936 1298 1975 boni
1321 1935 1434 1975 istius
1462 1936 1651 1976 hominis.

188 1993 275 2032 Iud.
364 1990 488 2031 Alia?

189 2050 272 2103 Ing.
507 2064 698 2102 quaenam
730 2049 834 2089 alia?

189 2107 277 2148 Fuc.
675 2107 768 2161 Jam
792 2121 866 2160 ego
887 2106 1061 2147 ludibrio
1083 2108 1259 2148 habebor
1281 2109 1322 2148 in
1346 2118 1600 2162 perpetuum.
1635 2127 1653 2160 5
