1731 2360
74 1027 118 1148 3³:¹8
72 947 116 984 Z

77 1253 118 1279 10

78 1381 119 1415 16

76 1476 116 1501 21

75 1562 120 1597 3⁰

77 1605 121 1640 32

683 164 933 215 NOTES
1470 180 1537 230 99

267 296 302 326 P.
327 296 404 335 158:
429 305 494 335 you
514 294 581 326 had
601 294 760 336 graunted
782 294 853 325 that
873 293 916 325 he
936 293 1047 332 [Saint
1070 293 1230 335 Cyprian]
1246 293 1468 325 condemneth
1483 294 1539 326 the

203 338 347 379 attyring
369 338 407 369 of
426 339 527 379 boyes
549 338 583 368 in
607 348 753 369 womens
776 337 924 368 raiment.

268 381 433 422 Marginal
457 387 534 412 note
557 381 610 420 [St
633 380 789 422 Cyprian,
810 381 874 421 Ep.
902 380 1012 419 LX1.]:
1043 380 1128 411 Cum
1150 380 1183 411 in
1207 380 1280 421 lege
1303 379 1541 421 prohibeantur

201 424 262 455 viri
289 425 459 456 mulierem
487 425 546 464 [sc.
570 424 778 462 muliebrem]
805 424 940 455 induere
967 428 1091 454 vestem
1122 423 1150 454 &
1181 424 1349 455 maledicti
1380 423 1543 455 eiusmodi

202 468 405 499 iudicentur:
429 473 557 509 quanto
573 467 706 498 maioris
721 472 769 499 est
786 466 931 498 criminis
943 476 1010 497 non
1022 471 1150 498 tantum
1162 466 1336 498 muliebria
1348 466 1542 498 indumenta

204 511 364 552 accipere,
382 511 440 542 sed
457 511 484 542 81
500 514 610 552 gestus
627 520 758 551 quoque
774 516 896 551 turpes,
914 509 941 541 &
958 510 1086 546 molles,
1104 510 1132 541 ἃ
1149 510 1336 546 muliebres,
1353 509 1542 550 magisterio

203 554 282 585 artis
305 554 481 595 impudicae
504 554 711 595 exprimere?

269 597 305 627 P.
321 607 357 628 21
371 605 378 627 :
403 603 519 638 quotes
535 597 569 627 in
585 596 712 637 margin
729 596 812 627 from
827 596 956 637 Gager:
974 596 1036 626 ‘At
1047 596 1173 637 grande
1185 595 1308 628 factum
1322 601 1370 628 est
1384 595 1544 637 temporis

201 639 433 681 dispendium!
479 640 526 670 At
555 640 680 675 Mome,
710 650 776 670 non
804 644 872 671 est:
908 639 1033 675 Mome,
1058 639 1231 671 mentiris.’
1279 639 1391 670 ‘Nihil
1418 639 1543 672 Studiis

203 683 374 714 remissurn
391 688 440 714 est
459 683 618 724 publicis:
642 682 676 713 id
697 682 816 714 fabulis
833 683 981 723 Tempus
996 682 1155 713 tributum
1172 688 1221 714 est
1236 683 1327 724 quod
1343 683 1428 714 solet
1443 682 1544 714 tribui

199 726 284 767 jocis
308 726 500 767 Somnoque
522 725 762 767 colloquiisque
785 726 951 766 doctoque
975 724 1069 756 otio.'

268 769 305 800 P.
326 777 382 809 23:
406 769 557 801 students
578 779 633 800 are
656 769 836 800 instructed
858 769 902 809 by
918 768 1075 808 [heathen
1097 768 1259 808 teachers]
1276 768 1347 800 that
1369 769 1414 800 all
1436 773 1544 811 sports

203 812 269 843 and
285 812 399 854 playes
414 823 468 843 are
483 817 542 844 not
557 812 744 853 expedient,
760 812 889 850 honest,
901 812 1035 852 seemly,
1049 822 1140 843 some
1156 812 1271 843 favour
1283 812 1321 843 of
1333 812 1541 844 dishoneste:

203 854 242 887 of
274 855 383 887 which
418 855 520 887 kinde
551 856 669 887 danses
699 861 858 887 are...not
888 855 1016 887 Davids
1045 855 1467 897 dansing...but...simplie
1497 855 1543 888 all

203 898 429 939 stage-dansin
456 922 464 928 .

161 941 222 984 Cp.
243 942 320 973 Ter.
337 909 486 973 Eumgv.
500 954 530 982 4.
548 951 649 984 9—11
665 954 673 974 ι
697 952 764 984 quo
779 941 881 973 modo
897 941 1162 974 adulescentulus
1179 942 1394 974 Meretricum
1410 942 1544 984 ingenia

204 990 237 1016 et
252 995 360 1017 mores
376 990 485 1027 posset
501 996 648 1022 noscere,
667 986 799 1016 Mature
814 990 849 1016 ut
865 996 966 1027 quom
982 985 1132 1027 cognorit
1149 990 1309 1027 perpetuo
1325 985 1443 1018 oderit.

162 1029 239 1060 Ter.
263 1029 354 1060 And.
380 1036 404 1060 1.
430 1040 459 1070 5.
489 1037 547 1067 31:
578 1029 657 1060 dum
682 1029 716 1060 in
738 1029 840 1060 dubio
865 1028 903 1060 ’st
928 1029 1068 1060 animus.

163 1072 265 1103 Mart.
283 1080 350 1103 ΧΠ.
372 1082 426 1112 ²4·
444 1082 478 1112 5:
504 1072 661 1114 quicquid
681 1070 686 1113 Ι
706 1072 739 1103 in
757 1072 895 1104 buccam
912 1072 973 1103 tibi
989 1072 1127 1104 venerit.

161 1114 259 1153 Cato,
278 1116 440 1156 Distycha
457 1123 480 1148 1.
502 1124 541 1155 27
556 1128 564 1148 ι
588 1115 698 1147 fistula
720 1115 818 1147 dulce
834 1115 921 1147 canit
938 1116 1105 1147 volucrem
1119 1115 1199 1147 dum
1216 1115 1338 1158 decipit
1354 1126 1487 1158 auceps.

651 1193 730 1224 Aer
755 1192 805 1223 II.
852 1192 908 1224 Sc.
941 1202 968 1223 1.

162 1246 268 1278 Plaut.
296 1246 393 1278 Poen.
423 1254 445 1279 1.
474 1257 503 1278 2.
534 1256 615 1278 112:
647 1246 753 1278 mulsa
776 1246 934 1288 loquitur.

650 1323 730 1354 Aer
753 1322 802 1353 ΙΙ.
850 1322 907 1354 Sc.
936 1333 966 1354 2.

162 1381 371 1423 interpolant,
406 1390 465 1412 MS.
489 1381 716 1423 interpoliunt.
773 1382 835 1423 Cp.
867 1382 974 1413 Plaut.
1004 1384 1084 1414 Am.
1113 1390 1136 1414 1.
1167 1393 1194 1414 ι.
1227 1382 1308 1415 161:
1347 1383 1415 1416 illic
1445 1383 1546 1416 homo

205 1435 260 1456 me
282 1424 508 1466 interpolabit,
533 1435 710 1467 meumque
733 1435 770 1456 os
793 1425 896 1466 finget
918 1426 1040 1457 denuo.

169 1468 337 1501 Troianos.
388 1468 535 1509 Perhaps
557 1468 639 1500 with
659 1468 824 1500 reference
845 1475 878 1500 to
898 1468 955 1501 the
975 1469 1070 1510 slang
1092 1479 1150 1501 use
1172 1469 1211 1501 of
1230 1468 1388 1511 ‘Trojan'
1409 1480 1488 1503 seen
1511 1471 1545 1503 in

208 1511 438 1553 Shakespeare
462 1512 523 1544 &c.

164 1554 226 1597 Cp.
244 1555 345 1593 Ovid,
364 1556 442 1586 Am.
464 1563 488 1586 1.
508 1565 535 1595 5.
557 1565 573 1586 2
579 1565 615 1595 5:
640 1560 759 1586 caetera
773 1555 847 1596 quis
862 1555 990 1587 nescit?
1011 1555 1089 1587 lassi
1105 1556 1325 1597 requievimus
1340 1557 1450 1589 ambo.

165 1598 227 1640 Cp.
253 1598 377 1637 Nashe,
405 1598 520 1629 Works
540 1598 604 1637 (ed.
631 1597 838 1639 McKerrow)
862 1606 919 1630 111.
943 1607 998 1640 79:
1023 1599 1094 1630 that
1116 1599 1376 1632 wether-beaten
1398 1601 1491 1643 peice
1514 1599 1553 1633 of

207 1652 227 1673 a
249 1651 341 1673 verse
364 1646 422 1673 out
445 1641 483 1672 of
501 1641 557 1673 the
578 1652 742 1682 grammer
767 1642 879 1673 Semel
901 1642 1117 1674 insanivimus
1140 1653 1265 1675 omnes.

165 1684 239 1716 The
262 1684 371 1716 words
392 1694 448 1716 are
471 1684 572 1716 taken
595 1684 680 1716 from
705 1685 868 1716 Mantuan
892 1684 944 1726 (B.
971 1685 1168 1727 Spagnuoli)
1192 1687 1265 1718 Ecl.
1295 1694 1320 1718 1.

167 1727 233 1760 See
255 1729 363 1759 above
387 1735 410 1760 1.
439 1738 469 1759 2.
496 1736 534 1769 75
546 1738 579 1759 n.

77 1771 131 1814 38,
147 1778 191 1813 39
235 1770 299 1812 Cp.
320 1771 398 1803 Ter.
415 1772 509 1802 Eun.
534 1779 583 1802 1v.
610 1781 639 1811 5.
659 1771 696 1804 6:
728 1771 865 1803 verbum
885 1771 997 1804 hercle
1016 1771 1081 1804 hoc
1102 1783 1216 1804 verum
1240 1773 1301 1805 erit
1321 1773 1409 1806 ‘sine
1425 1774 1547 1807 Cerere

78 1864 122 1900 44

79 1991 123 2030 47

211 1818 244 1846 et
267 1814 391 1846 Libero
413 1814 511 1855 friget
533 1814 671 1846 Venus.'

164 1868 244 1899 quos
262 1868 414 1889 vocamus
430 1857 507 1889 boni
522 1858 602 1899 socij
621 1858 740 1899 (‘good
763 1857 930 1897 fellows‘).
976 1858 1040 1900 Cp.
1058 1858 1283 1898 Braithwaite‚
1303 1860 1468 1892 Barnabas
1483 1862 1546 1893 lti-

207 1901 381 1933 nerarz'um
393 1899 458 1941 (ed.
473 1902 566 1937 1822,
580 1911 612 1942 p.
631 1903 721 1942 122):
743 1901 829 1933 Veni
844 1901 1021 1940 Middlam,
1036 1901 1093 1933 ubi
1106 1913 1215 1934 arcem
1229 1901 1233 1943 Ι
1250 1903 1338 1941 Vidi,
1352 1909 1384 1935 et
1397 1905 1548 1938 bibentes

207 1944 346 1985 sparsim
367 1942 371 1985 Ι
393 1945 504 1976 Bonos
520 1944 636 1983 socios,
656 1945 775 1986 quibus
788 1944 883 1985 junxi
903 1944 908 1986 Ι
930 1945 973 1976 Et
990 1945 1151 1987 liquorem
1167 1946 1271 1978 libere
1287 1948 1422 1989 sumpsi.

165 1987 240 2028 Juv.
266 1995 307 2019 11.
333 1996 368 2028 3:
402 1988 469 2028 Qui
491 1998 591 2029 puros
613 1988 768 2019 simulant
791 1994 824 2020 et
848 1988 1067 2020 Bacchanalia
1088 1990 1215 2021 vivunt.

81 2036 135 2073 54,
151 2036 194 2073 55
238 2031 315 2062 Ter.
332 2031 398 2062 Ad.
418 2039 472 2062 111.
491 2042 521 2072 3.
541 2041 600 2071 32:
625 2031 707 2063 istuc
728 2036 777 2063 est
798 2042 913 2072 sapere
934 2043 1000 2063 non
1022 2032 1113 2074 quod
1133 2038 1210 2064 ante
1232 2033 1332 2075 pedes
1353 2033 1454 2066 modo
1475 2040 1524 2068 est
1542 2034 1546 2076 Ι

79 2121 122 2159 57

208 2074 330 2105 Videre
352 2074 410 2105 sed
433 2074 533 2106 etiam
556 2074 613 2106 illa
635 2085 710 2116 quae
733 2075 841 2106 futura
863 2080 938 2106 sunt
958 2074 962 2116 Ι
984 2076 1187 2117 Prospicere.

167 2116 230 2159 Cp.
254 2117 366 2192 Plauti}
378 2118 469 2149 Pers.
487 2125 538 2149 lv.
563 2125 592 2158 7.
618 2127 676 2160 19:
699 2118 824 2150 dictum
845 2119 986 2160 sapienti
1007 2124 1056 2151 sat
1078 2125 1137 2152 est.
1187 2119 1233 2152 So
1253 2120 1288 2151 in
1308 2120 1384 2153 Ter.
1410 2121 1544 2155 Phor-m.

210 2168 266 2192 111.
292 2171 322 2202 3.
370 2182 378 2191 .

1365 2239 1454 2273 7-2
