1731 2360
467 150 840 201 TEXTUAL
895 150 951 200 N
957 148 1145 200 OTES
1472 148 1539 216 89

73 281 268 323 nescioquas
295 280 485 312 memorasti
511 279 660 311 dudum.’
706 278 737 311 O
763 279 934 310 continues
960 277 1153 310 Iudicium’s
1180 278 1300 320 speech
1328 278 1408 310 with
1433 278 1456 309 1.
1486 288 1537 318 4²·

73 323 96 355 l.
122 335 175 364 4²·
220 335 327 355 suam.
374 324 405 356 O
428 328 530 355 tuam.
634 323 669 353 11.
687 332 728 362 43
753 322 819 353 and
842 333 895 362 44.
941 321 972 354 O
995 321 1066 360 has,
1095 322 1187 363 ‘Ingz
1230 322 1363 363 Nempe
1385 322 1437 353 hae
1459 332 1542 363 quas

73 367 156 399 dicis
185 367 414 405 cantiunculae‚
450 366 598 397 Balladae
629 366 729 407 vulgo
759 365 896 396 audiunt
930 363 934 405 Ι
972 365 1023 395 Eo
1053 365 1165 406 itaque
1195 365 1330 396 nomine
1361 364 1436 396 filiae
1466 364 1541 396 etc.’

73 410 96 442 l.
112 422 166 450 44.
211 415 406 441 autumans.
453 410 688 441 Lautumnus.
777 409 799 440 l.
819 408 870 449 46.
920 408 1020 439 hunc.
1066 408 1097 440 O
1114 408 1189 440 huc.

139 481 212 512 Act
230 481 259 512 1.
309 480 370 511 Sc.
385 489 417 519 4.
457 480 705 512 Interlocutors.
755 479 1090 520 Villanus...insidijs.
1136 479 1167 511 O
1184 479 1337 511 Villanus
1354 483 1384 520 3Ξ
1400 479 1540 511 comites

71 525 193 556 saltant
215 529 354 556 sonante
373 525 564 555 vtriculario
585 523 736 554 Villanus
757 523 799 554 de
819 523 929 554 subito
945 522 1082 559 desistit,
1103 533 1202 564 quem
1224 524 1336 554 coeteri
1359 522 1541 564 conspicati

71 568 233 599 desistunt
255 578 398 609 quoque.
449 568 479 599 O
496 568 596 598 omits
612 567 668 598 the
684 577 797 598 names
813 566 851 597 of
867 566 923 597 the
946 571 1040 597 tunes
1061 566 1095 596 in
1118 566 1173 597 the
1195 576 1302 604 scene,
1323 566 1381 597 but
1398 566 1541 607 prefixes

72 614 80 628 ⁴
92 610 191 642 cant.³
208 616 242 642 to
258 612 314 642 the
331 611 414 642 lines
430 621 524 651 sung.
630 609 653 640 l.
674 620 701 640 1.
749 610 844 641 Com.
892 609 922 641 O
944 620 970 640 1.
1077 609 1097 640 1.
1119 611 1148 641 8.
1198 609 1293 642 Com.
1315 619 1345 641 2.
1396 610 1424 640 L
1440 609 1536 642 Corn.

73 654 104 685 O
120 665 150 685 2.
248 655 270 685 1.
289 664 319 695 9.
353 654 492 694 fidicen.
541 653 571 685 O
590 652 787 684 vtricularie.
877 653 899 683 l.
922 662 970 683 10.
1019 652 1092 683 Hir.
1143 653 1173 684 O
1195 663 1222 683 1.
1313 654 1334 684 l.
1362 664 1409 684 11.
1459 663 1536 684 non.

73 697 104 729 O
121 708 210 728 num.
320 697 341 727 l.
363 706 410 737 17.
461 697 656 728 morabitur.
703 696 734 727 O
751 696 968 727 manebimus.
1076 695 1098 726 1.
1117 705 1169 735 23.
1220 696 1536 737 Mmz...respondet.

73 741 102 772 O
121 740 438 781 Nam...respondit.
514 741 535 770 l.
556 739 607 770 26.
653 740 765 770 adeste.
816 739 847 770 O
864 739 995 770 adestis.
1074 738 1096 769 1.
1115 749 1166 780 29.
1215 739 1244 770 O
1261 739 1320 770 has
1338 740 1454 780 ‘Quod
1471 740 1540 771 Vil-

70 785 165 815 lanus
181 784 264 815 forte
281 784 396 815 videns
417 783 463 814 sic
482 783 640 814 audacter
661 783 707 814 sic
729 782 887 823 insurgit’
911 781 1092 821 (corrected
1115 781 1199 812 from
1223 783 1394 813 ‘audacter
1416 782 1461 814 sic
1483 783 1542 814 sed

70 826 158 868 sic’).
270 828 291 858 1.
320 837 371 867 30.
417 828 571 857 colamus.
619 826 647 856 L
663 826 824 857 columus.
935 825 957 856 1.
983 834 1033 865 35.
1087 826 1177 864 Quid
1189 826 1321 856 autem?
1342 826 1536 858 attulc'stin'.

71 871 100 901 L
124 870 214 911 Quid
238 875 349 901 autem
372 869 566 901 attulistin'?
611 869 641 900 O
667 870 726 900 has
750 879 793 900 no
818 869 868 907 (?).
1028 868 1050 898 1.
1077 877 1127 909 37.
1176 869 1415 900 vtrz'cularz'um
1439 869 1540 900 lzunc.

71 914 101 945 O
118 913 334 945 fistulatorem
349 913 569 944 vtricularem.
682 913 704 943 1.
725 913 776 952 38.
823 911 920 942 After
934 911 998 943 this
1014 911 1080 942 line
1098 912 1129 943 O
1145 911 1204 943 has
1223 913 1290 943 ‘Te
1306 913 1347 943 ad
1366 913 1541 944 Balladam

70 958 189 988 ducam
206 957 349 995 Vsslane,
369 967 515 997 sequere.
573 956 650 987 Vill.
697 956 747 986 Te
763 955 880 986 lubens
902 954 1011 986 hercle
1034 965 1163 996 sequor.
1212 956 1301 987 Exit
1317 958 1431 996 Ingen.
1462 957 1535 987 Vill.

69 1005 100 1031 et
114 1001 219 1031 coeterz‘
232 1010 339 1031 omnes
347 1005 471 1040 proeter
484 999 574 1030 lud)

135 1078 209 1108 Act
227 1077 254 1109 Ι.
305 1077 365 1109 Sc.
386 1085 418 1116 5.
465 1077 487 1109 1.
510 1087 537 1118 7.
586 1077 722 1108 venerit.
769 1077 911 1107 Lvenit.
1001 1077 1020 1107 l.
1046 1086 1094 1107 ιο.
1134 1077 1328 1117 proludant.
1376 1077 1406 1108 O
1424 1077 1540 1117 praelu-

69 1122 161 1153 dant.
250 1121 322 1152 erit.
373 1121 401 1152 L
418 1121 495 1152 exit.
585 1121 605 1151 l.
630 1131 678 1159 14.
726 1120 866 1151 revalui.
914 1120 944 1151 O
961 1120 1125 1151 convalui.
1216 1121 1237 1150 1.
1260 1121 1308 1151 18.
1355 1120 1460 1151 nubel.
1512 1121 1540 1151 L

69 1166 175 1197 nubit.
274 1165 456 1205 Theologiae.
496 1164 526 1195 O
546 1163 780 1204 Philosophiae.
869 1163 890 1193 1.
914 1174 959 1205 19.
1003 1163 1070 1204 qui.
1113 1162 1144 1194 O
1164 1164 1229 1194 Ha.
1323 1164 1343 1194 l.
1364 1173 1413 1194 21.
1459 1174 1538 1194 nam

68 1219 136 1240 cur.
186 1208 217 1240 O
235 1218 402 1249 quorsum.
510 1208 712 1238 Comoediam.
765 1207 793 1237 L
810 1206 1005 1237 Comoediae.
1118 1207 1139 1237 1.
1165 1216 1217 1245 25.
1263 1207 1462 1237 adversaris.
1510 1207 1539 1239 L

68 1251 272 1292 adversarijs.
352 1252 370 1282 l.
392 1251 440 1282 28.
490 1251 666 1282 octodecem.
717 1250 746 1280 O
764 1250 935 1281 sexcentis.
1013 1250 1034 1281 l.
1057 1259 1108 1289 32.
1153 1251 1366 1290 suppeditare.
1418 1250 1448 1282 O
1465 1261 1541 1291 sup-

69 1302 190 1337 petere.
281 1295 303 1326 1.
324 1305 376 1335 34.
423 1293 701 1334 Stage-direction
718 1293 865 1333 wanting
880 1293 914 1323 in
932 1293 971 1323 L.
1062 1293 1082 1323 1.
1105 1303 1154 1333 35.
1204 1293 1319 1334 Atqui.
1371 1293 1400 1324 L
1416 1294 1539 1335 Atque.

69 1339 91 1369 1.
110 1338 162 1380 36.
201 1338 332 1380 poetice.
378 1337 409 1369 O
429 1337 549 1368 Poe'sis.
643 1337 664 1368 l.
686 1338 738 1377 38.
783 1336 832 1367 Et
847 1347 931 1367 vere.
979 1336 1008 1368 O
1028 1336 1101 1366 Imo
1117 1347 1203 1367 vere.

136 1415 209 1446 Aet
228 1415 255 1445 I.
305 1414 364 1445 Sc.
382 1415 413 1444 6.
460 1415 482 1445 l.
505 1426 531 1446 1.
577 1418 632 1445 est.
680 1414 708 1444 L
725 1419 768 1445 vt.
849 1414 869 1444 1.
892 1424 919 1444 2.
969 1414 1081 1444 amice.
1128 1413 1159 1445 O
1176 1414 1390 1445 familiariter.
1468 1413 1490 1444 1.
1509 1427 1539 1455 4.

69 1460 185 1491 Potest.
233 1459 264 1490 O
282 1457 400 1489 Potin'.
493 1468 570 1499 qua.
618 1458 646 1488 L
663 1468 746 1499 quae.
850 1458 871 1488 1.
894 1466 940 1488 12.
984 1458 1219 1497 pervicaciam.
1267 1459 1294 1488 L
1310 1457 1536 1498 pervicatiam.

69 1503 104 1534 ll.
127 1513 161 1534 12
180 1502 247 1533 and
267 1512 315 1542 13.
365 1506 462 1541 atque
484 1502 558 1532 adeo
580 1502 665 1541 quid
683 1511 749 1531 non
769 1500 772 1540 Ι
794 1501 901 1532 accedo
923 1501 1050 1531 obviam
1074 1501 1291 1542 et...ludific0.
1339 1501 1369 1532 O
1386 1501 1444 1532 sed
1461 1501 1541 1542 quid

68 1557 135 1577 non
155 1557 229 1577 eum
252 1546 360 1576 adeo?
381 1543 384 1586 Ι
405 1543 661 1576 vt...ludifieem.
712 1544 853 1585 lzcdffico.
902 1544 930 1575 L
954 1543 1111 1575 ‘iuditio-⁵
1134 1544 1360 1582 (termination
1382 1549 1437 1575 cut
1459 1545 1536 1586 off).

67 1590 90 1621 1.
112 1599 159 1630 19.
205 1588 335 1630 probus.
385 1588 415 1619 O
432 1588 548 1618 bonus.
649 1588 671 1618 l.
691 1597 741 1618 2ο.
788 1587 914 1618 Probus
929 1597 958 1617 es
973 1598 1059 1618 sane.
1110 1587 1140 1618 O
1158 1588 1267 1618 omits.
1359 1588 1538 1629 reliquum.

68 1633 100 1665 O
117 1632 227 1664 omits.
302 1632 322 1662 1.
346 1642 396 1662 22.
439 1630 528 1672 (quos
543 1629 630 1670 scio).
670 1631 700 1663 O
718 1630 825 1661 omits.
911 1630 932 1660 1.
953 1640 1003 1670 24.
1045 1630 1075 1662 O
1092 1631 1281 1662 introduces
1299 1630 1401 1672 Ing.’s
1417 1632 1540 1673 speech

69 1676 149 1708 with
163 1676 220 1706 the
235 1675 302 1706 line
318 1674 560 1706 ‘Occlusiorem
574 1673 695 1705 habeas
707 1674 793 1704 hanc
807 1679 897 1704 tuam
909 1673 936 1704 si
948 1673 1056 1714 sapias
1073 1674 1392 1715 stultiloquentiam.'
1459 1676 1540 1706 noli.

69 1720 100 1752 O
118 1719 258 1750 nostine.
347 1718 370 1748 1.
389 1726 440 1756 25.
488 1718 669 1757 malefacta.
717 1717 748 1748 O
765 1716 950 1748 meledicta.
1039 1721 1078 1747 te.
1121 1717 1149 1747 L
1166 1722 1232 1748 tua.
1322 1718 1344 1748 1.
1363 1727 1415 1758 3ο.
1463 1718 1536 1760 Ing.

69 1763 98 1794 L
114 1763 205 1803 gives
225 1761 425 1802 ‘ingenium’
443 1761 515 1800 [not
532 1771 566 1791 as
584 1760 639 1791 the
655 1760 821 1801 speaker}
932 1760 952 1790 1.
975 1770 1024 1800 3¹·
1076 1761 1134 1791 Fu.
1187 1761 1215 1791 L
1236 1761 1343 1791 omits.
1440 1762 1538 1801 Quia.

70 1806 101 1838 O
119 1806 261 1846 Quippe.
356 1805 390 1835 11.
410 1814 448 1844 33
467 1804 532 1834 and
551 1814 600 1843 34.
652 1803 682 1834 O
702 1803 784 1843 Quae
801 1803 927 1834 lumina
944 1803 1136 1834 Academiae
1153 1804 1378 1845 approbarunt
1395 1805 1514 1845 saepius
1532 1804 1536 1846 Ι

71 1850 115 1880 Et
131 1848 307 1890 praesentia
323 1847 539 1878 honestarunt
555 1857 623 1877 sua.
714 1848 733 1877 1.
758 1855 808 1886 37.
849 1852 952 1887 paene.
1001 1847 1030 1877 L
1047 1857 1143 1887 pene.
1244 1848 1266 1878 l.
1284 1858 1335 1887 43.
1378 1848 1539 1880 habitum.

70 1893 101 1924 O
118 1898 254 1924 vestem.
356 1891 377 1922 l.
397 1901 450 1931 45.
497 1890 528 1922 O
545 1890 654 1921 omits.
755 1891 776 1920 l.
795 1900 844 1929 51.
894 1890 1137 1921 imo...z'llicilze.
1185 1890 1214 1921 O
1233 1891 1342 1922 omits.
1443 1891 1465 1921 l.
1484 1901 1535 1931 52.

67 1936 198 1968 saltare.
246 1935 274 1966 L
290 1939 431 1966 cantare.
545 1933 566 1963 1.
586 1944 638 1974 53.
677 1938 849 1974 perquam.
896 1933 925 1963 L
941 1943 1001 1974 per
1014 1944 1126 1975 quam.
1237 1934 1258 1965 1.
1282 1943 1330 1974 59.
1370 1935 1539 1974 fhrtassz's.

70 1981 100 2012 O
117 1979 234 2010 fateor.
309 1982 353 2009 at.
403 1977 431 2007 L
447 1981 490 2007 et.
576 1977 610 2007 11.
629 1986 669 2018 59
686 1977 750 2007 and
769 1975 821 2008 6ο.
859 1977 1254 2017 pristinam...poemalz's.
1302 1977 1333 2009 O
1349 1977 1540 2019 mitigamus

68 2033 129 2054 nos
145 2021 325 2063 pristinam.
398 2020 420 2050 l.
437 2019 490 2051 61.
539 2020 611 2061 Ing.
662 2019 691 2050 L
707 2020 875 2060 ingenium
892 2020 963 2059 [not
980 2030 1015 2050 as
1032 2020 1088 2051 the
1105 2020 1269 2061 speaker].
1337 2021 1408 2052 At?
1423 2032 1537 2062 quous-

68 2076 141 2108 que.
188 2065 219 2096 O
236 2065 302 2095 At?
326 2063 405 2105 quid
422 2064 476 2094 at?
498 2073 600 2104 vsque
617 2063 736 2093 adhuc.
826 2063 861 2093 ll.
878 2062 917 2093 62
936 2063 1001 2094 and
1018 2062 1069 2102 63.
1120 2063 1150 2095 O
1168 2064 1311 2094 Rursum
1328 2074 1539 2097 consusurras

66 2108 235 2152 Judicium
262 2108 327 2139 alia
351 2117 411 2138 nos
436 2111 571 2138 manent
598 2106 731 2147 negotia
752 2104 756 2146 Ι
777 2106 946 2137 Abeamus
971 2116 1094 2147 quaeso,
1121 2117 1265 2148 namque
1292 2107 1345 2138 hie
1373 2108 1538 2140 obstinate

67 2152 188 2184 insanit
204 2151 325 2183 asinus.
450 2150 472 2180 1.
491 2148 543 2181 66.
588 2150 836 2180 vtricularium.
884 2149 913 2181 O
932 2148 1159 2182 fistulatorem.
1288 2150 1311 2181 l.
1329 2149 1382 2192 69.
1428 2152 1536 2183 Dum.
