1731 2360
145 152 211 203 30

138 495 163 534 I
158 509 223 548 gn.

139 782 231 823 Phi.

139 841 163 880 I
158 856 224 893 gn

138 897 230 938 Phi.

137 956 162 995 I
159 970 225 1008 gn.

138 1012 229 1053 Phi.

140 1070 225 1123 Ign.

140 1357 230 1399 Phi.

137 1473 162 1512 I
157 1488 222 1526 gn.

138 1703 232 1745 Phi.

137 1819 162 1858 I
157 1834 222 1872 gn

136 1876 227 1917 Phi.

751 134 996 184 FUCUS
1267 142 1394 196 [AcT.
1419 155 1460 194 2,
1483 142 1545 184 Sc.
1566 148 1609 197 3¹²

312 265 447 319 Egon’
489 264 753 306 Comoediam
800 265 872 305 tibi
914 275 957 305 vt
1004 280 1088 305 non
1134 265 1363 318 praeferam,
1405 280 1489 306 non
1533 265 1606 306 tibi

429 323 675 376 propudium
694 321 706 362 ?

312 380 372 420 At
411 381 510 420 scias
545 380 666 419 velim
707 390 822 420 tuam
865 395 930 420 me
967 380 1142 420 formam
1184 379 1288 421 illius
1328 380 1607 421 calceamento

428 448 680 490 postponere.

315 495 461 536 Meam
488 495 664 534 formam
693 494 797 534 illius
818 494 1127 535 calceamento?
1157 495 1207 534 ah
1237 495 1414 535 nimium
1443 496 1522 536 hoc
1546 507 1606 536 est

431 552 709 592 contumeliae.

314 610 472 650 Verum
504 611 559 649 sic
590 609 690 650 solet
711 610 883 649 satietati
915 611 1149 663 proximum
1177 625 1260 650 esse
1294 609 1513 650 fastidium.
1565 629 1604 660 25

315 667 372 707 At
403 678 502 707 esto.
565 669 713 720 priores
745 678 874 720 partes
906 668 1011 720 apud
1043 678 1083 707 te
1115 668 1260 707 habeat
1292 667 1522 709 Comoedia.

313 725 410 765 Noli
443 736 580 765 tamen
614 724 795 778 Ignaviae
829 739 987 777 prorsus
1019 725 1251 765 valedicere.

317 784 376 823 At
408 782 618 822 decretum
647 793 705 822 est
737 783 850 822 mihi.
914 784 1027 835 proin
1057 793 1103 822 tu
1132 782 1258 822 finem
1281 783 1322 822 in
1345 783 1473 823 isthoc
1503 783 1603 823 face.

313 841 382 880 Ah
414 840 511 893 quid
544 840 754 879 decretum
786 838 874 879 est?

762 896 923 936 Scilicet
946 898 1018 937 tibi
1043 898 1084 936 in
1107 907 1349 950 perpetuum
1370 896 1605 938 valedicere.

314 956 409 995 Heu
442 970 508 995 me
539 955 747 1008 quodnam
779 956 831 994 ob
863 954 1048 994 factum?

897 1013 990 1065 quia
1022 1011 1248 1052 collibitum
1280 1022 1340 1052 est
1371 1012 1484 1052 mihi.
1566 1032 1608 1063 30

313 1070 384 1109 An
419 1084 513 1123 ergo
547 1069 775 1109 collibitum
809 1080 867 1109 est
904 1070 976 1109 tibi
1015 1084 1217 1109 macerare
1258 1080 1298 1110 te
1339 1070 1426 1110 sine
1467 1071 1604 1122 modo,

427 1127 512 1167 sine
544 1126 640 1179 fine,

312 1184 408 1225 Nec
429 1185 645 1249 aliquando
665 1185 714 1225 ad
736 1185 945 1239 Ignaviam
968 1184 1155 1225 lassatum
1178 1186 1364 1225 animum
1386 1184 1587 1240 deijcere?

315 1243 432 1290 Quin
464 1243 609 1295 potius,
642 1258 782 1282 meum
814 1242 1040 1292 corculum,
1073 1243 1121 1282 ad
1155 1258 1220 1282 me
1251 1242 1407 1283 divorte
1438 1242 1562 1283 modo

313 1300 494 1341 Suaviter
524 1301 589 1340 vbi
623 1310 662 1340 te
695 1300 862 1340 inclines
892 1311 933 1340 et
964 1300 1231 1340 molliuscule.

314 1359 394 1398 Nae
419 1369 463 1397 tu
486 1358 631 1398 frustra
651 1373 704 1409 es,
723 1358 901 1412 Ignavia.
952 1357 1052 1398 alius
1073 1373 1147 1413 ego
1168 1373 1259 1397 sum
1281 1372 1327 1397 ac
1348 1357 1515 1399 dudum.
1563 1378 1603 1409 35

313 1415 408 1455 Plus
438 1430 586 1468 operae‚
618 1416 647 1455 si
681 1430 746 1455 me
777 1430 901 1466 ames,
932 1415 1228 1455 adblandiendo
1260 1415 1342 1455 noli
1375 1416 1552 1468 perdere.

314 1472 499 1515 Obsecro
514 1484 566 1525 te,
582 1473 767 1526 nunquid
783 1488 866 1513 non
882 1473 975 1512 licet
990 1473 1118 1513 amice
1133 1484 1172 1512 te
1187 1483 1225 1513 et
1240 1473 1415 1528 benigne
1428 1472 1602 1526 alloqui?

311 1532 371 1570 At
402 1545 477 1585 ego
507 1531 604 1584 quid
636 1541 676 1570 te
708 1530 812 1570 male
844 1531 963 1570 habet
994 1531 1094 1570 scire
1126 1531 1388 1571 vehementer
1418 1541 1577 1584 expeto.

312 1587 479 1628 Possum
513 1589 686 1628 fortassis
718 1589 945 1628 remedium
978 1598 1177 1641 praestare.
1240 1588 1356 1635 Quid
1387 1599 1426 1628 te
1461 1603 1603 1642 quaeso

425 1645 656 1686 excruciat?

309 1703 409 1744 Tua
439 1704 574 1754 verba,
597 1714 718 1757 atque
749 1704 849 1743 adeo
880 1714 919 1743 te
950 1704 1047 1743 hinc
1077 1704 1189 1743 aufer
1220 1703 1438 1757 protinam.
1559 1724 1602 1754 40

312 1760 427 1800 Nolo
457 1772 576 1801 tuum
609 1762 758 1801 diutius
790 1762 891 1801 ferre
921 1761 1235 1815 stultiloquium.

314 1818 478 1859 Serione
510 1820 601 1871 hoc,
635 1818 941 1859 Philomathes?

938 1891 1034 1915 nam
1066 1876 1162 1930 quid
1193 1876 1299 1929 apud
1331 1887 1370 1917 te
1402 1875 1583 1917 iocarer?

310 1932 386 1974 Sed
403 1933 637 1973 abeundum
654 1934 770 1974 video
788 1934 988 1986 mihimet,
1005 1933 1082 1973 alia
1098 1949 1257 1987 nequeo
1274 1935 1379 1975 hanc
1396 1945 1599 1975 excutere.

311 1990 425 2038 Quid
457 2002 594 2031 autem
627 2007 738 2031 nunc
769 1990 918 2045 agam?
958 2006 1009 2031 an
1040 2007 1063 2031 a
1091 1991 1308 2032 Comoedia
1339 2007 1405 2032 me
1436 1992 1599 2032 distrahi

421 2049 550 2089 sinam
569 2048 581 2088 ?

309 2106 378 2146 An
409 2108 534 2147 vitam
568 2106 825 2160 relinquam?
861 2106 1106 2147 tantundem
1139 2117 1280 2159 potest.
1342 2107 1417 2148 Ibo
1557 2126 1597 2158 45
