1731 2360
85 156 191 197 Am.
217 168 255 210 3,
279 154 341 196 Sc.
366 156 428 210 4³]
510 147 1135 197 HISTRIOMASTIX
1480 165 1550 217 47

261 277 409 319 Ridere
451 291 562 316 nunc
601 275 793 316 vindictae
837 276 911 316 erit
952 275 1042 315 loco
1083 276 1135 315 ob
1178 290 1318 315 meum
1358 277 1551 317 amissum

374 334 593 375 sudarium.
1513 352 1552 384 70

259 392 349 444 Tu,
381 393 503 442 fatue,
535 392 620 431 sine
653 390 776 430 dubio
807 390 927 430 larvae
962 391 1174 430 hominem
1204 392 1374 446 agitant.

261 450 410 490 Videte
439 449 552 489 sultis
581 448 691 502 quasi
724 447 960 487 exanimalis
987 458 1064 488 stat
1096 463 1171 488 nec
1204 458 1342 488 movet
1373 449 1530 501 pedem.

90 508 167 551 Vil.
376 506 640 547 Rosamunda
670 505 698 546 Si
732 505 907 545 formosa
1119 508 1146 550 [‘
1160 506 1196 539 If
1210 507 1413 540 Rosamund
1433 508 1468 552 yt
1486 519 1553 541 was

374 565 505 605 Senex
536 564 662 603 fertur
692 577 773 602 esse
807 577 960 616 rugosa,
1119 568 1156 590 so
1174 555 1268 601 fayer
1287 557 1453 600 Had'-]

375 621 448 662 Nil
480 631 561 672 tua,
594 620 770 672 Ballada‚
802 631 1003 672 venustas,
1512 641 1550 673 75

375 680 487 719 Nam
520 693 616 718 mox
648 678 871 730 corrumpit
902 678 1005 718 hanc
1038 689 1224 719 vetustas.
1435 680 1555 734 [Exit

88 738 190 780 Hir.
217 738 278 779 sol.
341 738 420 788 Ha,
452 738 515 788 ha,
549 737 612 788 he,
646 734 910 776 Rosamunda
940 750 1062 775 senex
1094 751 1241 790 nempe
1272 752 1362 790 quae
1395 738 1435 777 in
1469 738 1553 791 ipso

377 795 507 834 aetatis
537 794 631 833 flore
663 793 764 847 obijt
795 793 915 832 diem.

262 853 388 906 Apud
417 852 533 892 flores
556 850 772 891 Poetarum
802 851 973 903 reperire
1000 850 1094 891 licet
1124 852 1402 893 Rosamundae
1427 854 1553 905 epita-

373 910 529 963 phium.

262 967 336 1009 Sed
367 967 465 1021 quid
497 967 526 1007 si
558 980 633 1020 ego
664 980 804 1006 meum
836 965 1041 1018 deplorem
1073 968 1266 1007 amissum
1298 967 1505 1008 sudarium

262 1025 458 1067 Carmine
488 1023 642 1064 etiam?
683 1023 818 1063 hercle
850 1038 965 1077 aeque
997 1024 1096 1063 mihi
1128 1025 1297 1065 charum
1328 1025 1405 1065 fuit
1510 1037 1551 1068 80

263 1083 329 1123 Ac
360 1082 526 1122 Villano
556 1097 627 1122 sua
658 1081 835 1121 Ballada.
897 1082 1106 1133 experiar:
1150 1081 1290 1134 Sol‚—
1322 1083 1444 1124 Sol-
1475 1085 1542 1124 oh.

437 1139 594 1179 Perdidi
628 1153 757 1192 nuper
788 1138 1016 1190 sudarium,
1288 1143 1339 1185 [to
1358 1148 1396 1187 ye
1413 1142 1552 1186 suune]

432 1196 642 1237 Delicium
674 1211 858 1236 mearum
890 1196 1064 1249 narium,

434 1255 616 1295 Fuissem
649 1255 803 1294 vtinam
835 1253 1052 1293 defunctus

436 1312 506 1353 Te
536 1312 700 1366 quando
730 1312 786 1351 fui
818 1312 874 1351 sic
905 1322 1135 1353 emunctus.
1512 1326 1551 1366 85

266 1370 346 1410 Hei
379 1371 452 1410 nisi
485 1371 680 1410 subrauca
711 1384 788 1409 vox
819 1379 919 1409 esset
950 1369 1051 1408 mihi

264 1427 434 1481 AEdipol
466 1427 679 1467 Villanum
711 1427 915 1467 cantando
947 1441 1176 1479 superarem
1208 1428 1337 1469 facile.

264 1485 339 1527 Sed
370 1500 451 1539 quo
482 1500 535 1537 se,
568 1495 637 1525 aut
667 1485 831 1538 quando
861 1484 958 1524 hinc
989 1485 1194 1538 abripuit?

265 1543 435 1596 AEdipol
461 1553 668 1583 amantem
698 1543 808 1582 hunc
837 1556 918 1582 esse
939 1542 1002 1582 vel
1029 1553 1239 1583 amentem
1268 1559 1374 1600 aegre
1397 1545 1555 1587 dixeris.

266 1601 392 1653 Nam,
425 1600 541 1641 Deus
572 1600 689 1652 bone,
720 1614 911 1654 quaenam
943 1611 1001 1640 est
1032 1601 1123 1641 haec
1153 1601 1353 1642 stultitia?
1514 1624 1556 1656 90

266 1659 446 1699 Aurium
479 1668 597 1698 tenus
627 1658 748 1698 etiam
781 1673 856 1712 ego
886 1657 1104 1711 aliquando
1136 1659 1177 1698 in
1207 1674 1346 1700 amore
1377 1661 1434 1700 fui

267 1716 324 1757 Et
351 1715 472 1756 habui
501 1715 712 1756 aliusmodi
735 1716 939 1767 amasiam,
962 1717 1166 1769 (quamvis
1194 1717 1275 1770 ipse
1303 1716 1413 1772 dico)
1434 1733 1556 1772 quam

381 1773 447 1813 ille
478 1773 611 1825 habet,

269 1830 364 1872 Nec
395 1841 533 1871 tamen
565 1830 675 1871 illam
706 1841 775 1871 aut
806 1830 885 1871 vidi
917 1840 986 1871 aut
1017 1832 1193 1884 expetiui

270 1889 422 1929 Videre
452 1888 526 1928 nisi
559 1889 667 1929 festis
697 1889 836 1929 diebus
866 1899 1040 1929 tantum.

271 1946 337 1987 ille
367 1956 505 1987 autem
537 1946 595 2000 (vt
625 1956 685 1986 est
715 1946 949 2000 dementiae)
981 1956 1069 1987 toto
1099 1947 1173 1987 nisi
1205 1946 1269 1987 die
1515 1969 1555 2001 95

267 2003 385 2045 liceat
424 2013 734 2101 {iliam-propter
767 2003 975 2045 Balladam
1006 2019 1102 2057 esse,
1134 2014 1298 2059 tangere
1328 2015 1450 2060 atque
1480 2008 1560 2048 vna

383 2076 431 2102 co
464 2076 574 2115 oqun

270 2119 423 2160 miseris
452 2134 492 2159 se
524 2120 643 2160 miser
674 2129 850 2160 macerat
882 2119 1024 2161 modis.
