1731 2360
90 144 199 185 Aer.
222 157 263 197 4,
286 144 348 186 Sc.
372 143 429 199 12]
513 133 1139 186 HISTRIOMASTIX
1491 145 1558 197 57

89 500 114 539 I
109 514 175 552 gn.

92 614 128 653 F
128 629 180 653 uc.

91 788 117 827 I
111 802 176 840 gn.

93 845 130 885 F
129 861 182 886 uc.

93 961 118 1000 I
113 975 178 1013 gn.

95 1018 132 1058 F
131 1033 184 1059 uc.

94 1076 117 1115 I
113 1090 178 1128 gn

96 1133 133 1173 F
132 1149 185 1174 uc.

91 1307 178 1360 Ign.

97 1422 185 1462 Fue.

96 1594 214 1635 Puer.

95 1652 133 1692 F
132 1668 185 1693 uc.

98 1825 217 1866 Puer.

99 1941 123 1980 I
119 1954 184 1993 gn.

99 2113 136 2153 F
135 2128 188 2153 uc.

451 302 674 349 ACTUS
711 308 790 359 4¹¹⁵.
864 300 1101 346 SCAENA
1144 306 1200 344 1³.

498 408 629 447 Fucus.
691 404 876 458 Ignavia.
941 403 1149 444 Cornelius.

267 498 339 541 Oh
372 497 484 538 Fuce
517 497 587 549 mi,
620 512 684 536 nae
719 507 764 536 tu
795 511 817 536 a
848 495 978 548 capite
1011 494 1059 534 ad
1091 493 1246 534 calcem
1278 492 1361 533 oles
1392 491 1511 532 male.

265 556 467 597 Haeccine
500 554 732 596 Comoediae
765 568 870 606 aqua
902 552 1115 592 benedicta
1146 550 1234 592 est?

1095 609 1164 648 Ah
1197 623 1298 662 aqua
1330 606 1557 648 maledicta.

265 671 362 712 Noli
394 672 424 711 si
455 685 522 711 me
553 684 675 721 ames,
709 668 889 722 Ignavia,
922 667 1036 720 plura
1068 667 1116 707 de
1149 667 1275 707 isthac
1313 680 1417 720 aqua
1453 665 1559 717 apud

380 743 446 769 me
476 728 598 768 verba
626 728 770 767 facere.

267 785 400 827 Licet

433 842 644 884 Adesdum
675 856 785 896 ergo,
817 840 1003 892 Corneli,
1035 854 1173 905 ocyus.

266 901 381 943 Cedo
412 901 512 941 mihi
544 901 720 940 linteum
754 899 864 950 illud,
897 899 974 938 hoc
1007 898 1113 938 circa
1144 896 1297 937 collum
1329 895 1465 936 indue.
1541 914 1557 945 5

270 959 333 1001 Sic
364 960 419 999 sic
449 960 534 999 sine
567 959 732 998 barbam
764 957 1010 1012 detergeam‚
1043 970 1154 995 nunc
1186 955 1332 1008 ecquid
1362 952 1499 994 vales.
1490 964 1500 983 Γ

265 1016 489 1070 Resipisco,
522 1016 700 1070 Ignavia,
732 1030 839 1055 sane.

873 1072 944 1112 Ah
976 1071 1058 1111 noli
1090 1085 1230 1125 quaeso
1262 1070 1501 1123 resipiscere.

268 1132 384 1179 Quid
416 1132 562 1183 dicam,
595 1129 793 1185 Ignavia?
836 1131 1028 1170 revivisco
1060 1140 1131 1168 tuo
1164 1125 1365 1168 beneficio
1395 1141 1502 1167 sane.

267 1191 382 1244 proin
426 1205 509 1229 non
554 1203 714 1242 possum
759 1203 842 1228 non
889 1198 928 1227 te
973 1186 1192 1226 deosculari
1240 1186 1362 1225 etiam
1409 1185 1475 1225 hic
1521 1185 1561 1224 in

410 1247 558 1287 ublico.

270 1306 369 1346 Auh
383 1263 565 1345 pabstine
605 1318 759 1358 quaeso‚
796 1304 849 1342 oh
891 1312 1012 1356 atque
1049 1302 1173 1342 etiam
1210 1315 1310 1354 puer
1346 1300 1413 1340 hic
1448 1299 1559 1341 adest

384 1373 489 1403 tuus.
1527 1377 1565 1399 10

267 1420 341 1463 Oh
373 1420 468 1460 nolo
501 1420 531 1459 is
562 1434 628 1459 me
659 1419 805 1470 videat,
838 1432 889 1458 ne
921 1418 1025 1457 forte
1056 1415 1235 1457 effutiret
1266 1416 1382 1457 foras.

270 1477 389 1530 Puer,
422 1493 518 1530 cape
548 1478 599 1517 sis
630 1477 707 1517 hoc
739 1476 927 1528 linteum,
959 1485 1081 1529 atque
1113 1475 1223 1515 defer
1254 1475 1375 1526 intro,

270 1536 410 1590 Atque
441 1534 609 1576 audin'?

620 1592 717 1646 quid
748 1590 837 1632 vis?

848 1649 980 1689 dicere
1012 1663 1130 1701 paene
1161 1646 1310 1688 oblitus
1342 1646 1413 1687 fui.

271 1709 391 1749 Abde
417 1719 456 1748 te
482 1709 523 1748 in
551 1722 707 1748 musaeo
732 1707 831 1747 dum
858 1706 1028 1756 rediero,
1050 1716 1173 1759 atque
1194 1703 1362 1745 audin'?
1393 1718 1489 1745 cave
1515 1705 1566 1744 sis

271 1767 339 1807 Ne
361 1766 546 1806 ethnicos
567 1765 740 1819 attingas
762 1765 987 1817 scriptores,
1010 1763 1115 1803 edixi
1138 1763 1216 1803 hoc
1239 1763 1310 1802 tibi
1333 1762 1490 1815 saepius.
1527 1781 1562 1812 15

270 1823 326 1864 Et
367 1833 413 1864 tu
453 1839 504 1864 ne
545 1824 728 1863 ethnicas
768 1823 942 1876 attingas
984 1821 1187 1873 foeminas,
1221 1820 1336 1860 edico
1371 1820 1450 1861 hoc
1491 1819 1564 1860 tibi

384 1881 521 1921 semel.

274 1939 335 1979 At
367 1939 461 1991 iam,
494 1938 606 1980 Fuce
637 1938 707 1989 mi,
739 1938 836 1992 quid
868 1935 1051 1978 moliris?
1092 1936 1189 1990 quid
1220 1934 1334 1989 agis?

274 1997 489 2037 Hanccine
520 1997 561 2036 in
593 2007 632 2037 te
665 1996 864 2051 insignem
895 1994 1065 2047 accipies
1095 1992 1420 2033 contumeliam?

272 2053 360 2095 Cur
390 2069 474 2094 non
505 2054 727 2094 vindictam
759 2051 940 2107 cogitas?

955 2109 1128 2164 cogitavi
1162 2109 1267 2162 (mea
1299 2109 1359 2162 tu)
1391 2109 1496 2149 satis.
