1731 2360
162 138 231 186 42

164 247 253 288 Phi.

164 305 256 346 Pla.

165 478 269 520 Com.

164 535 255 576 Pla.

164 881 254 922 Phi.

162 939 253 979 Pla.

162 997 266 1037 Com.

158 1054 250 1095 Pla.

160 1170 264 1210 Com.

158 1227 248 1267 Phi.

164 1401 267 1440 Com.

160 1574 250 1615 Pla.

160 1632 250 1673 Phi.

162 1690 267 1730 Com.

159 1747 249 1787 Phi.

160 1805 252 1845 Pla.

158 1862 251 1903 Phi.

162 1920 266 1961 Com.

160 1977 251 2018 Phi.

778 124 1023 174 FUCUS
1288 131 1414 185 [AcT.
1439 143 1478 185 3,
1502 130 1565 172 Sc.
1589 137 1634 173 2a

335 249 481 296 Quid?
522 262 564 290 vt
597 250 650 290 illi
681 251 876 292 servires?

873 309 1060 349 Hoccine
1092 309 1324 349 inauditum
1355 309 1460 350 tibi?

336 364 512 404 Nullum
543 366 643 405 mihi
676 366 794 406 crede
825 378 883 406 est
915 381 1042 420 genus
1074 367 1291 407 hominum
1321 367 1572 408 ambitiosius

338 422 427 462 Aut
459 422 626 463 Plausus
657 425 785 479 magis
815 425 993 477 cupiens.

1021 481 1170 522 Hercle
1201 482 1258 521 sic
1288 482 1416 522 aiunt.

336 535 462 577 Certa
494 552 554 577 res
584 549 655 590 est,
689 538 919 579 Comoedia.
1589 560 1632 588 40

336 593 481 635 Vnum
514 596 623 636 hunc
655 597 683 636 si
717 597 837 649 noris,
868 606 928 636 sat
958 607 1029 647 est,
1061 611 1204 637 omnes
1234 597 1405 637 noveris.

336 651 403 691 Ad
435 667 557 692 vnam
590 654 782 694 incudem
813 669 955 694 omnes
988 654 1112 694 factos
1144 654 1262 695 dicas.

335 707 457 749 Proin
489 724 564 764 ego
596 711 743 751 horum
775 722 998 752 contemno
1029 712 1091 752 vel
1122 711 1368 764 sodalitium,

335 767 401 807 Ac
422 768 515 807 viris
537 778 699 808 tantum
721 769 887 809 eruditis
909 779 949 809 et
970 769 1073 809 bene
1090 769 1138 809 de
1156 769 1362 822 republica
1377 770 1630 810 merentibus

337 824 489 865 Meum
521 826 562 865 in
595 837 836 879 perpetuum
868 827 958 866 vovi
991 827 1213 868 servitium.
1587 845 1628 877 45

337 882 540 936 Nunquid
571 894 723 935 autem,
756 883 936 935 Plausus,
969 899 1054 923 non
1087 884 1150 924 isti
1183 895 1222 924 te
1252 898 1377 938 vsque
1406 883 1630 925 ambiunt?

335 939 480 991 Valde,
511 941 579 980 sed
609 940 763 996 vulgari
796 940 944 982 Plausu
975 942 1139 981 interim
1170 942 1353 982 contenti
1384 951 1492 983 sunt.

341 996 551 1038 Mecastor
583 999 683 1038 mire
713 999 793 1039 suis
822 999 981 1054 astutijs
1012 1000 1231 1052 imponunt
1261 999 1396 1053 vulgo.

332 1054 379 1095 Id
409 1055 554 1111 vulgus
585 1066 699 1096 curet
729 1056 894 1109 scilicet,
927 1071 1116 1097 curemus
1146 1071 1220 1096 nos

332 1113 398 1153 Ne
423 1113 540 1153 nobis
566 1113 702 1154 Fucus
726 1114 774 1154 ad
801 1113 976 1154 eundern
1003 1114 1133 1167 ipsum
1161 1115 1344 1167 imponat
1373 1114 1557 1155 modum.
1585 1132 1627 1165 50

331 1169 562 1211 Consilium
594 1171 660 1224 pol
692 1171 960 1212 conducibile.

330 1227 553 1269 Curabitur
585 1230 751 1281 posthac
781 1230 874 1269 satis
906 1229 1048 1281 valide,
1079 1239 1202 1283 atque
1233 1229 1336 1269 addo
1367 1230 1530 1283 insuper

332 1286 370 1327 Si
403 1285 465 1325 vel
498 1287 602 1326 intra
633 1286 759 1327 limen
791 1297 974 1327 nostrum
1008 1286 1152 1340 pedem
1186 1287 1322 1328 Fucus
1353 1297 1539 1340 penetret

331 1343 456 1384 faxim
488 1354 623 1397 postea
654 1345 694 1384 in
728 1355 969 1398 perpetuum
995 1346 1141 1385 nostris
1165 1354 1207 1385 vt
1232 1345 1430 1385 abstineat
1457 1344 1623 1385 aedibus.

330 1400 385 1441 Et
409 1401 539 1441 isthoc
561 1412 601 1441 et
622 1402 651 1442 si
674 1402 771 1455 quid
795 1403 836 1441 in
864 1403 985 1442 istum
1014 1413 1187 1442 statuere
1215 1403 1336 1455 possis
1357 1403 1529 1456 gravius,
1586 1421 1626 1453 55

332 1459 413 1500 Cui
440 1459 542 1498 nihil
567 1470 714 1512 praeter
738 1460 935 1499 damnum
968 1470 1007 1499 et
1039 1460 1210 1500 dedecus
1238 1474 1377 1500 meum
1407 1459 1525 1500 dulce
1552 1470 1623 1501 est.

335 1516 409 1557 Sed
431 1516 529 1570 quid
561 1517 638 1557 hoc
669 1517 758 1557 est?
800 1517 987 1557 Villanus
1017 1528 1131 1557 estne
1162 1519 1228 1558 hic
1259 1519 1328 1571 qui
1362 1518 1470 1558 intus
1500 1518 1605 1558 exit?

338 1574 572 1615 Subtristior
602 1575 726 1614 etiam
760 1575 925 1626 incedit,
952 1586 1092 1628 pectus
1123 1575 1274 1627 tundit,
1303 1585 1462 1629 quassat
1489 1585 1623 1628 caput.

334 1632 401 1672 Ha
433 1629 511 1672 he!
557 1633 687 1672 sentio
719 1633 815 1686 quid
847 1634 1075 1685 hominem,
1107 1634 1264 1686 opinor,
1296 1632 1401 1673 male
1433 1633 1566 1673 habet.

330 1688 413 1730 Dic
443 1690 569 1730 sodes.

543 1747 622 1787 Irae
647 1747 787 1800 procul
810 1748 934 1788 dubio
956 1760 1051 1788 sunt
1074 1748 1178 1788 inter
1200 1747 1315 1788 illum
1338 1758 1378 1788 et
1401 1747 1624 1789 Balladam.

335 1806 406 1845 An
437 1805 569 1845 solent
600 1820 900 1859 nonnunquam
935 1804 1185 1846 discordare?

1206 1863 1465 1916 Saepiuscule.
1583 1872 1622 1905 61

327 1919 737 1974 Comprehendamus
766 1922 911 1961 amabo
942 1936 992 1961 ex
1024 1920 1189 1976 insidijs.

1225 1977 1374 2019 Placet.
