1731 2360
103 130 214 171 Am.
243 143 278 183 1,
305 129 367 171 Sc.
391 131 453 185 32]
534 124 1159 175 HISTRIOMASTIX
1508 143 1566 195 15

101 368 187 420 Ing.

101 482 126 522 I
125 484 187 523 ud.

100 598 185 651 Ing.

98 1059 124 1098 I
123 1060 185 1099 ud.

97 1117 183 1170 Ing.

97 1233 183 1272 Iud.

96 1406 183 1460 Ing.

96 1579 122 1618 I
121 1580 182 1620 ud.

95 1637 180 1690 Ing.

93 1868 181 1908 Iud.

94 1983 180 2037 Ing.

275 252 434 293 Verum
466 268 487 292 e
519 253 717 293 memoria
747 252 941 306 paulatim
972 252 1154 306 elapsum
1186 266 1244 294 est
1276 256 1389 295 mihi.

276 310 351 350 Sed
382 310 479 364 quid
511 311 559 350 de
592 309 685 350 illa?

630 368 732 408 Ruri
764 368 1010 421 superiorem
1043 379 1226 409 aestatem
1259 381 1466 423 perpetem
1529 391 1570 422 30

275 424 386 466 Cum
418 424 510 480 filijs
540 440 619 465 vna
649 426 817 479 agebam
850 427 953 466 forte
973 440 1042 466 :—

930 483 1141 530 Quorsum
1164 485 1254 524 haec
1277 496 1374 525 nota
1396 486 1570 539 repetis?

274 540 342 580 Ad
366 539 573 580 Balladam
595 555 731 594 quaeso
753 540 849 581 redi.

746 599 831 638 sine
853 613 933 638 me.
993 599 1045 638 ibi
1070 599 1186 651 forte,
1211 600 1250 639 in
1275 600 1413 641 diebus
1435 602 1570 653 paucis

274 654 438 702 Quibus
462 655 640 709 Vndique
665 655 836 697 collecta
864 655 1072 709 plebecula
1101 656 1215 697 ludos
1244 672 1335 698 suos
1363 673 1434 710 pro
1457 673 1570 700 more

390 713 579 765 celebrat,

274 770 461 811 Villanus
490 771 670 824 quidam,
703 771 809 810 haud
842 770 906 823 pol
938 772 1266 812 contemnendus
1295 773 1484 828 agricola,

274 829 431 868 Amore
469 828 645 868 Balladae
685 843 786 868 meae
823 838 964 881 captus
999 840 1070 880 est,
1102 840 1225 883 atque
1261 831 1341 870 huc
1373 842 1569 872 venturus

387 897 445 926 est
477 886 608 937 hodie,
1527 909 1564 940 35

274 943 437 991 Quibus
467 944 657 984 omnibus
690 959 755 984 rus
784 943 1011 997 suppeditat
1043 945 1263 985 instructus
1294 944 1469 998 ludicris,

276 1001 332 1041 Vt
364 1001 574 1042 Balladam
607 1002 647 1041 in
679 1016 847 1041 vxorem
881 1013 1028 1054 poscat.

1056 1060 1123 1100 Ha
1156 1061 1223 1100 Ha
1254 1061 1316 1101 he.

272 1117 408 1168 Rides,
441 1116 676 1157 Iudicium?
707 1118 909 1157 horumne
941 1118 980 1157 in
1013 1132 1132 1158 scena
1165 1119 1466 1171 repraesentatio

272 1173 501 1215 Placuerit?

525 1231 669 1285 Perpol
700 1247 823 1286 quam
855 1233 974 1272 dubia
1006 1243 1064 1272 est
1096 1233 1258 1273 fortuna
1289 1232 1475 1274 scenica!

271 1290 389 1337 Quin
425 1291 637 1330 mittamus
673 1290 721 1330 de
758 1300 906 1330 eventu
938 1290 1217 1330 coniecturam
1254 1292 1360 1331 hanc
1391 1306 1565 1345 praepro-

385 1362 536 1400 peram.
1524 1371 1566 1400 40

269 1405 401 1457 Licet,
438 1406 506 1446 sed
547 1405 828 1446 cantiunculas
870 1406 994 1446 etiam
1035 1405 1199 1459 lepidaS‚
1243 1405 1460 1459 Iudicium,
1500 1408 1563 1448 hic

385 1479 483 1504 mox
517 1464 664 1515 audies,

271 1521 434 1568 Quibus
466 1521 530 1561 ille
562 1520 788 1572 Balladam,
819 1522 849 1561 si
881 1521 956 1576 dijs
986 1520 1130 1574 placet,
1160 1522 1288 1562 ambit
1318 1536 1446 1563 suam.

271 1579 386 1626 Quas
409 1589 454 1620 tu
475 1578 756 1619 cantiunculas
776 1578 1006 1619 memoras?

741 1651 889 1690 nempe
909 1651 1002 1690 quae
1024 1636 1146 1691 vulgo
1168 1636 1346 1678 Balladae
1377 1638 1563 1691 audiunt,

271 1694 434 1742 Quibus
451 1695 685 1735 nominibus
701 1692 796 1734 filiae
813 1709 917 1735 meae
933 1694 1041 1735 haud
1054 1695 1230 1750 ingratas
1246 1695 1332 1735 fore
1347 1706 1565 1737 autumans

271 1753 357 1793 Has
395 1753 549 1793 assidue
590 1751 810 1792 meditatur
849 1752 969 1793 solus.
1033 1753 1143 1793 canit
1182 1767 1278 1794 vero
1312 1753 1420 1794 haud
1457 1754 1564 1795 bubo

384 1810 552 1851 dulcius.
1522 1831 1561 1862 45

267 1867 506 1921 Comprime
542 1883 700 1908 vocem.
761 1881 998 1921 quemnam,
1029 1877 1099 1909 aut
1129 1868 1250 1921 vnde,
1282 1868 1393 1909 hunc
1429 1868 1562 1909 dicam

383 1926 593 1967 emicuisse
623 1925 834 1966 sonitum?

270 1984 419 2025 Hercle
449 1999 558 2036 vero,
590 1984 655 2024 hic
686 1983 842 2023 sonitus
872 1983 1095 2024 adventum
1126 1983 1280 2024 Villani
1312 1994 1441 2037 sonat,

269 2041 410 2096 Atque
431 2057 575 2083 eccum
596 2042 662 2082 vbi
685 2041 832 2082 saltans
854 2040 1009 2082 exiluit.
1053 2042 1121 2094 ha,
1144 2042 1208 2094 he,
1230 2056 1368 2083 annon
1392 2041 1561 2095 praedixi

382 2100 460 2140 hoc
492 2098 607 2140 fore?
