1731 2360
76 148 185 190 Aer.
209 163 249 201 4,
272 149 334 190 Sc.
360 151 420 204 5.]
501 141 1125 193 HISTRIOMASTIX
1471 142 1501 193 6
1509 157 1536 209 5

77 272 166 313 Cin.

76 329 167 370 Phi.

78 386 120 428 V
116 387 156 427 il.

79 444 170 485 Cin.

77 500 168 543 Phi.

79 558 118 600 V
116 559 157 600 il.

80 732 171 773 Cin.

76 846 167 888 Phi.

78 962 119 1004 V
115 962 156 1003 il.

79 1078 169 1119 Cin.

80 1135 120 1177 V
117 1136 158 1177 il.

79 1193 168 1233 Cin.

77 1309 167 1350 Phi.

79 1483 170 1523 Cin.

78 1598 118 1639 V
115 1598 155 1638 il.

80 1656 169 1696 Cin.

75 1713 166 1753 Phi.

78 1828 116 1870 V
116 1829 157 1869 il.

76 1886 167 1927 Phi.

77 1943 117 1985 V
114 1944 154 1984 il.

72 2001 163 2042 Phi.

77 2117 117 2159 V
115 2117 155 2157 il.

168 2203 196 2231 S.

217 2205 249 2231 F.

248 273 321 314 Sed
353 273 694 326 supersedendum
726 284 784 312 est
815 272 1098 325 exemplorum
1131 271 1410 313 multitudine.

248 330 308 370 Vt
338 330 492 383 lepidus
522 341 580 371 est
610 327 818 370 carnifex!

850 387 942 442 Age
975 387 1069 427 iam.
1501 408 1542 429 πο

251 456 387 485 vtrum
409 457 450 486 te
470 445 642 485 strictim
667 455 923 485 attonsurum
953 459 1018 485 me
1049 446 1106 485 vis
1132 460 1183 485 an
1213 460 1282 498 per
1310 444 1542 498 pectinem?

247 502 342 556 Jam
374 502 559 557 iugulum
592 504 705 555 petit.

631 559 842 600 Strictim?
884 574 952 613 per
984 561 1189 612 pectinem
1220 575 1291 614 per
1322 561 1540 614 pectinem.

252 617 363 658 Vitae
420 618 605 657 nondum
660 618 819 658 satietas
874 633 940 657 me
997 618 1104 671 cepit
1154 628 1197 658 vt
1247 618 1319 658 tibi
1376 618 1539 659 credam

365 675 564 729 iugulum.

252 731 354 772 Non
387 744 444 772 est
475 733 585 786 quod
616 743 774 772 tantam
805 747 827 772 a
859 747 925 772 me
957 733 1194 774 extimescas
1225 734 1462 775 barbariem.

249 790 340 830 Nae
371 801 417 830 tu
447 791 596 844 pilosus
626 789 850 830 admodum
881 805 933 831 es.

948 849 1011 899 ha,
1044 849 1119 888 he:
1501 868 1541 899 25

251 906 550 959 Hirsutumque
581 905 841 958 supercilium
873 905 1107 959 prolixaque
1139 907 1270 947 barba.

251 963 343 1003 Vah
377 979 460 1003 non
493 964 612 1003 huius
643 964 746 1003 facio
777 964 846 1016 qui
879 978 944 1003 me
976 963 1044 1016 pili
1078 965 1267 1005 aestimat.

250 1021 342 1075 Age
373 1021 527 1076 corrige
559 1022 723 1061 barbam
755 1021 882 1061 nitide
913 1021 1052 1062 nitide.

251 1078 362 1125 Quae
395 1079 466 1118 tibi
500 1079 630 1118 forma
661 1093 742 1132 prae
775 1079 935 1118 coeteris
965 1079 1112 1119 arridet
1143 1079 1351 1120 maxime?

247 1137 475 1177 novissima.
538 1136 776 1177 Romanum
808 1135 930 1190 vulgo
961 1147 1122 1177 vocant.
1502 1158 1543 1188 30

251 1193 381 1247 Capio
408 1203 604 1234 mentem.
657 1208 732 1247 ego
760 1194 897 1234 statim
928 1193 968 1233 in
997 1194 1171 1234 formam
1201 1195 1380 1251 redigam
1409 1197 1542 1237 novis-

365 1266 524 1291 simam.

249 1310 328 1349 Nae
363 1309 427 1349 ille
460 1309 621 1349 barbam
653 1320 850 1363 tanquam
882 1324 999 1362 capra
1030 1309 1152 1350 habet
1182 1321 1253 1350 aut

252 1366 431 1414 Qualem
464 1367 681 1420 forcipibus
714 1368 831 1406 metit
861 1367 1013 1419 supinis

250 1424 417 1465 Tonsor
447 1424 643 1477 Ciniphio
675 1423 809 1479 Cylex
840 1426 999 1464 marito.

250 1483 344 1537 Jam
388 1497 499 1522 nunc
534 1483 677 1535 aspice,
720 1481 1012 1533 Philomathes‚
1056 1493 1238 1523 venturae
1277 1483 1470 1526 laetentur
1501 1498 1545 1527 vt

364 1541 503 1580 omnia
535 1540 681 1581 barbae.
1504 1563 1541 1595 35

246 1597 355 1638 Pilus
386 1598 450 1637 hic
481 1608 539 1637 est
571 1608 683 1637 extra
714 1612 947 1639 numerum.

978 1656 1063 1696 sine
1094 1671 1161 1697 me
1192 1668 1234 1698 vt
1265 1659 1476 1715 corrigam.

246 1712 321 1753 Sed
343 1724 509 1753 noctem
531 1712 690 1768 longius
711 1727 835 1766 quam
857 1728 928 1766 par
956 1724 1014 1754 est
1040 1715 1118 1755 suis
1143 1715 1375 1768 producunt
1404 1718 1535 1772 nugis.

247 1771 396 1810 Adibo.
460 1768 644 1810 Villane!

642 1829 739 1868 Hoh
772 1829 860 1882 quis
891 1828 982 1869 est?

1006 1887 1122 1935 Quid
1152 1890 1312 1946 agitur?

246 1942 289 1984 O
324 1942 612 1995 Philomathes,
645 1944 828 1984 studetur
859 1959 942 1997 quo
975 1944 1152 1987 Balladae
1186 1948 1367 2001 placeam
1401 1966 1517 1994 meae.

244 2001 325 2041 Nae
363 2012 409 2041 tu
443 2016 567 2055 vsque
603 2002 652 2041 ab
688 2001 913 2057 unguiculo
949 2003 998 2043 ad
1030 2004 1222 2057 capillum
1253 2021 1465 2050 summum
1497 2025 1538 2052 es

362 2059 647 2099 festivissimus.

245 2115 373 2157 Extra
405 2115 615 2156 blanditias
634 2116 646 2156 ?
1497 2089 1540 2118 40
