1731 2360
82 143 191 184 Aer.
214 155 254 195 4,
277 143 338 184 Se.
362 142 424 197 4³]
505 131 1126 186 HISTRIOMASTIX
1476 129 1541 196 63

82 263 174 304 Pla.

83 320 121 360 F
119 336 172 362 uc.

82 377 173 419 Pla.

85 492 122 532 F
121 508 174 533 uc.

83 607 174 649 Pla.

84 665 121 705 F
120 681 173 706 uc.

83 780 174 822 Pla.

84 895 122 935 F
121 911 173 937 uc.

85 1068 176 1109 Pla.

85 1126 122 1166 F
121 1142 173 1167 uc.

87 1183 177 1225 Pla.

87 1357 124 1397 F
123 1374 176 1399 uc.

86 1474 178 1515 Pla.

88 1533 125 1572 F
124 1548 177 1573 uc.

87 1590 179 1631 Pla.

89 1648 126 1688 F
125 1664 178 1688 uc.

89 1762 180 1804 Pla.

90 1820 180 1861 Fue.

93 1936 178 1990 Ign.

91 1994 128 2035 F
127 2010 180 2035 uc.

253 262 354 304 Para
384 274 437 315 te,
470 262 647 303 Plausus.
708 261 757 301 ad
788 271 828 300 te
861 270 968 300 recte
999 260 1119 299 habet
1151 269 1303 298 rectam
1333 259 1455 298 viam.

255 320 361 368 Quis
392 321 458 360 hic
488 318 628 360 adest?
672 320 737 370 ah,
772 317 950 369 Plausus,
981 316 1099 357 salve.

1117 373 1342 414 Continere
1374 387 1546 426 nequeo.

257 436 329 476 Ah
361 434 585 476 Princkum
617 432 841 485 Prankum,
871 433 992 473 salve.

1014 489 1129 537 Quid
1160 503 1235 542 ego
1265 487 1416 542 agam?

257 549 323 591 Ira
353 549 637 590 dissimulanda
667 560 738 590 est.

728 607 795 646 Ha
826 607 877 646 he
907 605 1113 645 commovi
1146 604 1269 645 bilem
1300 604 1472 644 homini.
1510 623 1548 645 10

256 665 397 712 Quam
427 666 588 705 animus
621 665 719 704 mihi
758 678 882 716 nunc,
915 662 1094 715 Plausus,
1127 674 1198 703 tuo
1235 672 1398 715 aspectu
1435 661 1547 715 quasi

371 722 562 776 tripudiat
582 720 590 763 !

255 780 507 833 Tripudiat?
566 779 664 833 quid
711 794 836 830 nunc,
880 778 1072 831 prinkum
1115 777 1317 830 prankum
1357 776 1548 829 tripudiat

370 838 531 878 animus
561 838 663 878 tibi?

254 896 324 936 Ah
358 897 475 936 mitte
506 895 709 959 iocularia,
742 907 782 934 et
814 894 1008 948 responde
1039 894 1089 933 sis
1121 893 1223 933 serio
1254 892 1369 932 mihi.

254 953 353 994 Vin’
384 954 483 993 mihi
512 954 670 1004 servire,
704 952 901 993 Plausus?
932 966 1008 1005 ego
1029 962 1068 991 te
1091 950 1244 1005 delicijs
1271 950 1427 990 habebo
1454 965 1548 991 sane

257 1022 297 1052 et
327 1013 431 1052 sanis
462 1022 501 1051 te
534 1011 745 1064 praeceptis
776 985 980 1050 imbuam⁰
991 1010 1164 1062 insuper,
1197 1010 1280 1048 imo
1309 1023 1416 1048 sane.
1511 1026 1546 1057 15

256 1078 296 1108 et
328 1069 570 1122 princkcum
602 1069 826 1132 pranckum
858 1067 1019 1107 docebis
1051 1068 1224 1119 insuper,
1258 1066 1340 1105 imo
1371 1064 1494 1106 sane?

255 1127 439 1167 Accedas
468 1141 607 1180 quaeso
639 1126 812 1178 propius,
846 1140 929 1165 non
961 1125 1071 1165 enim
1103 1125 1218 1177 capio
1249 1138 1405 1164 vocem.

259 1185 386 1226 Non?
430 1185 522 1224 faxo
548 1184 684 1224 audies
715 1184 933 1236 ‘prinkum
959 1182 1162 1235 prankum
1188 1196 1312 1235 quem
1334 1181 1410 1221 nisi
1433 1196 1550 1222 man-

374 1257 470 1282 cum
502 1256 585 1281 non
617 1240 742 1280 allicit
773 1239 1042 1293 tripudiare?'

259 1300 460 1341 Nondum
490 1314 633 1340 vocem
665 1297 801 1351 capis?

715 1356 807 1396 Imo
839 1370 933 1396 vero
964 1366 1004 1395 et
1035 1370 1110 1409 ego
1141 1365 1194 1407 te,
1228 1353 1406 1406 Plausus,
1438 1355 1551 1407 capio

262 1415 404 1463 Quem
435 1415 590 1468 captavi
623 1414 705 1454 diu.

576 1471 695 1512 Eheu
727 1472 767 1511 in
799 1485 922 1524 quem
955 1470 1076 1510 incidi
1110 1470 1268 1510 infoelix
1299 1469 1470 1510 locum?
1512 1490 1553 1512 πο

257 1532 349 1573 Imo
380 1545 496 1583 parce
532 1531 635 1582 voci,
667 1544 741 1583 ego
774 1540 812 1569 te
841 1528 987 1568 ducam
1016 1528 1080 1567 vbi
1111 1529 1183 1568 tibi
1216 1528 1319 1568 bene
1343 1529 1418 1568 erit
1447 1543 1551 1570 sane.

259 1590 390 1629 facere
411 1589 440 1628 si
464 1589 597 1640 possis,
618 1602 756 1641 quaeso
778 1588 895 1626 mitte
917 1601 997 1637 me,
1014 1600 1089 1639 ego
1110 1587 1247 1626 statim
1263 1585 1311 1626 ad
1329 1597 1368 1626 te
1385 1586 1552 1627 rediero.

259 1647 548 1700 Nequicquam
590 1659 701 1685 nune
743 1646 866 1696 nevis,
900 1645 936 1683 vi
968 1655 1090 1697 atque
1123 1644 1298 1683 invitum
1330 1645 1482 1696 rapiam
1515 1655 1554 1684 te

263 1705 352 1745 Nisi
384 1703 593 1743 voluntate
625 1703 707 1744 ibis.

723 1760 791 1800 Ah
824 1774 965 1800 verum
997 1760 1118 1799 nimis
1147 1760 1355 1800 somnium
1387 1774 1540 1800 meum.

260 1819 464 1862 Cohibeto
495 1817 687 1858 Plausum
719 1818 824 1858 intra
854 1817 994 1870 limen,
1026 1816 1207 1871 Ignavia.
1514 1836 1553 1868 25

263 1878 480 1918 Asservato
510 1875 661 1927 sedulo,
693 1889 789 1916 cura
821 1890 871 1914 ne
903 1875 1005 1916 foras
1036 1886 1159 1928 repat.

267 1934 400 1976 Potin’
431 1933 553 1976 aliam
585 1947 670 1974 rem
702 1943 744 1973 vt
775 1932 918 1973 cures?

931 2005 1007 2046 ego
1037 1991 1134 2030 hinc
1165 2006 1186 2030 e
1216 1990 1385 2045 vestigio

266 2050 335 2091 Ad
366 2049 632 2092 Calumniam
664 2059 703 2088 et
735 2047 938 2088 Invidiam
971 2063 1036 2088 me
1068 2048 1290 2089 conferam.

267 2108 428 2149 Harum
456 2122 577 2160 opem
607 2117 647 2147 et
679 2106 877 2147 auxilium
907 2107 1186 2159 impetravero,
1217 2117 1276 2147 sat
1303 2106 1398 2158 scio,
1426 2106 1554 2150 facile.
