1731 2360
144 136 209 185 14

134 248 220 301 Ing.

134 537 222 577 Iud.

137 766 222 820 Ing.

134 882 219 923 Iud.

135 1169 219 1223 Ing.

131 1286 218 1325 Iud.

130 1401 217 1454 Ing.

130 1458 218 1499 Iud.

128 1516 213 1570 Ing.

127 1574 216 1615 Iud.

129 1631 214 1685 Ing.

127 1747 215 1788 Iud.

127 1805 215 1857 Ing.

126 2035 152 2076 I
152 2035 214 2077 ud.

747 123 992 173 FUCUS
1258 130 1386 184 [Aer.
1415 143 1450 182 1,
1473 130 1534 172 Sc.
1558 134 1602 184 3⁵

311 249 485 296 Quoties
506 252 577 291 tibi
601 250 734 291 dicam
752 251 1021 291 Academiam
1044 251 1085 290 in
1107 251 1307 292 mandatis
1328 252 1477 292 dedisse
1500 251 1600 292 mihi

309 308 363 347 vti
398 309 460 347 hae
492 309 798 362 quamprimum
831 309 1148 362 transigerentur
1179 310 1334 362 nuptiae

309 364 570 406 Comoediam
603 380 737 405 meam
770 366 875 406 inter
906 376 945 406 et
977 376 1097 406 tuum
1129 365 1447 407 Philomathen?

311 422 426 469 Quid
457 423 615 463 haeres?
650 438 732 463 non
764 433 822 463 sat
854 424 988 474 habes,
1022 424 1104 476 ipsa
1133 424 1243 477 quod
1277 424 1499 465 Academia
1583 444 1599 476 5

310 480 395 520 Has
425 481 544 534 gestit
574 492 750 533 spectare
781 480 971 533 nuptias?
1007 482 1151 520 amabo
1181 481 1357 535 loquere.

310 538 403 577 Hoc
435 549 677 592 argumento
708 552 871 591 operam
903 539 990 589 tibi,
1022 538 1257 592 Ingenium,
1288 539 1404 580 dabo.

309 593 585 636 Decreveram
617 610 711 635 sane
742 606 880 648 vtpote
911 597 1054 649 opinor
1086 595 1382 638 conducibilius

308 652 368 692 Vt
399 653 446 692 ad
478 665 638 706 tempus
670 652 790 704 filius,
822 653 870 692 ad
903 653 1021 693 huius
1052 653 1194 693 saltem
1225 652 1351 694 finem
1383 654 1561 708 termini,

308 711 513 751 Animum
545 711 593 751 ad
625 712 724 750 seria
755 712 881 765 magis
911 711 1042 751 studia
1072 711 1287 764 appelleret
1317 727 1449 752 suum.
1562 732 1600 754 10

311 767 439 814 Quasi
473 768 689 809 Comoedia
720 769 768 808 ab
801 769 860 808 his
892 768 1023 809 aliena
1054 769 1156 808 foret
1187 769 1327 824 studijs

308 836 347 865 et
377 826 574 878 voluptati
607 836 768 866 tantum
800 837 840 866 et
874 826 1109 866 recreationi
1142 827 1401 867 conduceret.

307 882 414 923 Rem
446 883 690 923 aliovorsum
722 883 972 937 (Ingenium)
1003 894 1124 936 atque
1156 899 1230 939 ego
1262 884 1342 924 dixi
1373 885 1530 938 accipis.

307 940 427 980 Absit
458 951 500 980 vt
531 956 605 996 ego
638 940 868 981 Comoediae
901 942 1123 994 quicquam
1154 941 1362 981 detraham
1394 941 1558 996 gloriae!

308 997 425 1044 Quin
458 1012 550 1037 meo
580 997 745 1051 quidem
777 997 954 1053 gratulor
986 999 1118 1051 potius
1150 997 1396 1039 Philomathi
1561 1020 1597 1051 15

307 1054 433 1101 Quod
465 1056 537 1095 sibi
569 1070 734 1109 suaeque
765 1056 885 1095 famae
915 1066 1001 1095 tam
1032 1055 1235 1096 consuluit
1266 1057 1389 1109 probe

306 1112 365 1152 Vt
396 1113 581 1153 animum
614 1113 663 1153 ad
697 1112 960 1154 Comoediam
991 1128 1110 1153 suum
1141 1114 1391 1168 adiungeret.

308 1169 418 1224 Ergo
449 1186 544 1211 cum
577 1186 625 1210 ex
655 1172 855 1210 sententia
887 1171 971 1211 istae
1006 1171 1153 1210 futurae
1186 1183 1279 1211 sunt
1310 1172 1481 1225 nuptiae,

307 1227 506 1281 Operam,
538 1228 761 1282 Judicium,
795 1229 844 1268 da
876 1229 990 1268 nobis
1020 1229 1207 1269 celerem.

306 1296 347 1326 et
378 1301 543 1339 operam
575 1296 615 1326 et
645 1297 788 1338 artem,
819 1287 850 1325 si
882 1286 978 1340 quid
1010 1287 1094 1327 vsui
1127 1301 1212 1326 esse
1243 1287 1394 1340 possint
1424 1287 1510 1340 tibi,
1557 1307 1598 1330 20

306 1343 505 1396 Spondeo.

528 1401 652 1442 Certe
683 1402 863 1454 profecto
894 1411 1112 1455 Vtrumque
1143 1401 1378 1455 plurimum.

306 1457 519 1499 Neutrum
552 1459 685 1499 hercle
715 1459 853 1500 deerit.

882 1516 972 1558 Erit
1002 1517 1067 1556 vbi
1101 1531 1294 1570 reponam
1326 1518 1410 1558 tibi.

304 1573 508 1616 Creditur.

535 1631 602 1672 sed
633 1632 820 1686 nunquid
851 1631 997 1684 adhuc,
1028 1632 1253 1686 Judicium,
1286 1633 1366 1673 dixi
1400 1633 1473 1674 tibi

302 1689 479 1729 Balladae
510 1689 609 1743 quid
638 1688 733 1729 filiae
767 1704 870 1730 meae
903 1704 1032 1743 nuper
1062 1689 1238 1744 obtigit?

302 1746 480 1788 Balladae
512 1746 606 1787 filiae
639 1746 752 1788 tuae?

756 1805 993 1846 adulterinae
1026 1804 1191 1858 scilicet,
1553 1826 1592 1857 25

303 1861 444 1909 Quam
472 1877 548 1916 ego
575 1862 708 1903 adhuc
731 1873 852 1903 aetate
881 1864 1036 1904 iuvenis
1062 1878 1112 1903 ex
1141 1862 1398 1904 meretricula
1417 1863 1592 1917 quadam

303 1920 414 1968 Quae
454 1919 671 1960 Phantasia
705 1920 815 1962 cluet
850 1922 1018 1974 suscepi.
1081 1922 1252 1961 hoccine
1284 1932 1329 1961 tu
1359 1935 1483 1975 quam
1515 1922 1594 1975 pri-

417 1992 533 2018 mum
564 1977 707 2018 audis?

299 2035 469 2088 AEdipol
501 2036 612 2089 (cum
649 2036 729 2076 iam
766 2051 930 2077 mecum
972 2036 1122 2090 cogito)
1153 2036 1308 2090 pridem
1350 2037 1427 2078 hoc
1463 2051 1512 2077 ex
1554 2047 1594 2078 te

413 2094 660 2146 audiveram,
