1721 2360
316 392 542 439 ACTUS
586 399 658 438 1ยนยน5.
732 391 951 438 SCENA
992 391 1234 437 PRIMA.

549 502 758 543 Cornelius.
819 502 1006 555 AEgidius.

218 589 334 631 Deus
365 590 484 639 bone,
514 604 638 643 quam
671 588 771 628 mihi
803 588 868 628 hic
891 587 1052 641 placent
1074 598 1113 627 et
1134 586 1312 627 arrident
1342 585 1510 627 omnia!

217 647 358 694 Quam
376 647 502 702 gestio
519 657 612 700 toga
629 656 882 686 commutare
899 645 1067 698 pallium
1088 643 1095 685 l
1140 645 1215 685 Sed
1233 659 1357 698 quem
1374 643 1514 685 video?

217 706 297 756 Ha,
332 705 411 756 Ha,
446 705 524 744 He.
588 703 773 744 Salsiores
809 718 1022 756 nunquam
1059 717 1183 756 quam
1221 702 1344 742 modo
1379 702 1511 743 audivi

331 762 428 803 sales

218 820 308 861 Aut
339 820 491 873 lepores
523 819 650 874 magis
681 818 846 871 lepidos.

218 878 308 918 Aut
339 892 481 931 parum
516 876 766 931 prospiciunt
797 875 903 916 oculi
935 886 1005 916 aut
1036 875 1253 930 AEgidium
1290 875 1516 928 conspicor,

333 949 456 989 quern
489 945 739 975 conventum
770 933 893 974 volui.
1495 953 1511 983 5

220 992 502 1046 Compellabo.
564 992 656 1033 Eho
688 989 858 1046 AEgidi!

856 1048 964 1096 Quis
994 1062 1061 1089 me
1091 1047 1308 1090 nominat?

221 1107 451 1150 Benevolus
483 1108 568 1148 tibi.

566 1165 741 1218 Jupiter,
773 1179 896 1218 quem
928 1163 1073 1204 video?
1113 1163 1295 1216 Corneli,
1328 1164 1383 1203 mi
1416 1162 1514 1204 olim

336 1222 611 1275 condiscipule
631 1221 638 1263 l

225 1280 372 1323 Oculis
403 1280 468 1334 pol
496 1281 627 1320 vteris.
688 1280 853 1320 verebar
884 1294 936 1319 ne
964 1294 1047 1320 non
1078 1293 1315 1333 agnosceres
1339 1289 1517 1320 veterem

336 1338 513 1379 sodalem
544 1349 677 1379 tuum.

226 1397 324 1437 Non
355 1394 646 1451 agnoscerem?
677 1409 802 1449 apage
834 1395 939 1435 hanc
970 1394 1248 1447 suspitionem.
1309 1393 1376 1435 sed
1408 1403 1519 1448 pater

341 1465 382 1494 et
412 1464 554 1505 mater,
585 1453 726 1507 ecquid
762 1463 868 1493 recte
899 1451 1064 1493 valent?

227 1511 275 1552 Id
306 1512 369 1551 hae
401 1511 488 1563 tibi,
521 1512 576 1551 mi
608 1510 765 1565 AEgidi,
798 1511 1020 1551 narrabunt
1051 1509 1190 1550 literae.
1485 1529 1522 1551 10

231 1569 405 1623 Optime
428 1567 618 1610 Corneli!
663 1568 738 1609 Sed
760 1582 832 1608 cur
854 1583 937 1608 non
960 1579 998 1607 te
1020 1568 1154 1608 adhuc
1176 1578 1361 1621 togatum
1384 1566 1523 1607 video?

232 1627 367 1668 Hodie
389 1627 658 1667 Academiam
681 1627 859 1679 primum
881 1626 1104 1679 conspicor.
1164 1636 1324 1681 togatus
1351 1639 1433 1666 esse
1454 1625 1523 1679 qui

345 1699 506 1738 possum
539 1695 625 1724 tam
656 1684 768 1724 cito?

232 1742 493 1790 Quibuscum
514 1756 608 1782 vero
630 1742 848 1782 comitatus
868 1741 1008 1781 venis?

792 1799 896 1839 nosti
918 1799 1061 1852 opinor
1084 1798 1323 1852 magistrum
1346 1797 1522 1839 Fucum.

234 1857 426 1899 Fucum?
463 1857 655 1911 apagesis,
690 1871 765 1911 ego
802 1871 876 1897 nec
919 1857 1076 1908 fucum,
1108 1871 1184 1896 nec
1215 1856 1528 1897 assentationem

349 1930 545 1955 noverim.

238 1972 355 2027 Euge
385 1988 510 2027 quarn
542 1985 587 2013 tu
619 1970 800 2025 lepidus!

802 2029 919 2083 Euge
939 2043 1064 2083 quam
1087 2040 1132 2069 tu
1154 2028 1438 2083 blandiloquus
1457 2026 1465 2069 !
1493 2047 1528 2078 15

236 2088 353 2136 Quin
382 2088 444 2128 dic
477 2088 591 2138 mihi,
622 2086 803 2138 Corneli,
832 2087 931 2141 quid
960 2086 1137 2127 hominis
1168 2098 1226 2128 est
1260 2087 1375 2127 isthic
1406 2100 1530 2140 quem

352 2160 486 2186 narras
517 2144 682 2186 Fucus?
