1731 2360
136 131 206 180 40

135 241 226 283 Pla.

135 528 226 569 Phi.

138 701 232 743 Pla.

134 874 225 915 Phi.

134 931 224 972 Pla.

135 989 226 1030 Phi.

135 1046 226 1087 Pla.

137 1397 173 1437 C
174 1412 242 1438 om.

136 1453 231 1495 Phi.

137 1627 240 1668 Com.

133 1916 225 1957 Pla.

135 1974 238 2014 Com.

744 119 991 170 FUCUS
1257 127 1385 181 [Aer.
1411 139 1450 181 3,
1473 126 1536 168 Sc.
1564 127 1603 166 1²

308 243 454 284 Mirari
487 245 582 285 noli.
644 246 743 299 quin
776 246 867 285 dico
898 247 984 298 tibi,
1018 245 1307 298 Philomathes,

310 300 550 343 Contemno
581 318 655 357 ego
687 317 769 355 prae
804 318 869 343 me
900 304 1112 357 superioris
1141 303 1234 344 secli
1266 304 1533 357 parasitastros

311 358 398 405 Qui
430 360 642 400 arridendo
673 371 713 400 et
744 361 982 401 mentiendo
1013 372 1219 415 quaestum
1251 362 1323 401 sibi

308 415 578 458 Venabantur
615 418 760 457 miseri.
822 419 932 459 rideo
968 433 1043 472 ego
1079 419 1217 471 risum,
1248 419 1449 459 ementior
1485 432 1601 459 men-

423 474 596 515 dacium.
1564 495 1602 518 10

308 531 368 570 At
397 546 493 584 pace
514 543 596 584 tua,
620 532 800 585 Plausus,
823 548 970 589 magna
993 534 1034 573 in
1063 534 1190 588 gratia
1217 533 1321 587 apud
1350 548 1492 575 omnes
1519 534 1601 574 fere

423 589 583 630 ordines

308 645 382 686 Est
414 647 687 689 mendacium.

316 703 446 744 Recte
478 715 599 757 recte,
631 716 671 746 et
703 707 744 746 in
776 717 889 747 tanta
921 706 1192 747 familiaritate
1222 707 1345 746 etiam

310 772 353 800 vt
384 776 477 802 vere
507 762 627 814 dicas,
659 774 718 804 est
750 765 791 804 in
822 779 891 804 ore
921 765 1035 804 omni
1067 778 1169 817 pene
1200 763 1362 817 populo.

310 818 370 858 At
401 834 477 873 ego
509 819 675 861 Plausus
705 821 883 874 palmam
916 822 1000 862 fero
1032 832 1184 862 tamen.
1562 842 1598 872 15

309 875 428 916 Scite.
489 878 556 917 sed
588 878 691 919 fores
720 894 743 919 a
773 879 884 919 vobis
915 893 1118 932 crepuere.

307 933 525 975 Comoedia
555 946 614 975 est
643 951 737 989 quae
770 937 984 990 egreditur.

309 990 487 1031 Videon'
520 1007 631 1033 meos
661 993 846 1034 amores?
887 994 1089 1034 adeamus.

309 1050 370 1088 At
400 1060 540 1089 manta
573 1050 798 1103 paululum.

708 1201 945 1247 SCAENA
982 1209 1042 1247 2²⁷².

475 1307 684 1347 Comoedia.
748 1306 1015 1348 Philomathes.
1078 1307 1254 1349 Plausus.

304 1397 474 1450 Iterum,
509 1399 684 1450 fortuna,
718 1399 908 1439 blandiris
941 1400 1057 1450 mihi,
1091 1398 1164 1454 Dij
1199 1410 1358 1440 vortant
1391 1399 1506 1440 bene.

313 1457 409 1495 vitae
444 1471 546 1496 meae
578 1458 727 1508 anima,
760 1457 922 1510 quantis
954 1472 1029 1512 ego
1059 1472 1149 1497 sum
1181 1458 1222 1497 in
1254 1457 1411 1513 gaudijs

309 1513 466 1554 Rursus
496 1515 596 1553 mihi
631 1514 764 1554 datam
798 1515 856 1554 tui
889 1514 1146 1567 amplexandi
1178 1516 1336 1568 copiam

310 1570 451 1618 Quam
483 1587 558 1627 ego
588 1587 707 1624 supra
737 1587 878 1612 omnes
909 1587 1014 1623 am0‚
1047 1573 1230 1625 suspicio,
1262 1571 1461 1614 veneror!

304 1628 418 1675 Quid
450 1644 539 1683 ego,
572 1630 626 1668 mi
660 1628 949 1681 Philomathes,
982 1645 1073 1669 mea
1103 1629 1219 1681 salus,
1582 1651 1599 1682 5

310 1686 466 1726 Tantae
501 1687 756 1742 benignitati,
788 1698 829 1727 et
860 1687 1120 1728 collubentiae
1151 1698 1193 1728 vt
1224 1703 1292 1741 par
1324 1687 1500 1729 faciam?

311 1743 424 1791 Quid
457 1759 573 1798 agam
606 1745 781 1809 patiarve
812 1760 894 1798 quo
925 1745 997 1784 tibi
1029 1746 1134 1785 hanc
1166 1760 1359 1798 reponam
1391 1746 1564 1799 gratiam

311 1802 398 1848 Qui
430 1803 551 1855 patris
582 1803 640 1842 tui
672 1803 858 1842 animum
889 1818 911 1842 a
943 1817 1008 1842 me
1040 1817 1162 1856 prope
1193 1803 1416 1843 alienatum

308 1859 415 1899 Vere
447 1870 656 1899 amantem
689 1861 872 1913 precibus
902 1859 1186 1914 lachrimisque
1218 1861 1415 1925 perfecisti
1447 1861 1555 1902 tuis?

308 1915 432 1956 Proin
464 1917 580 1970 plane
611 1932 751 1957 securo
782 1932 893 1958 nunc
925 1917 1019 1958 licet
1051 1933 1132 1958 esse
1162 1919 1313 1958 animo.
1561 1940 1600 1961 10

301 1974 420 2015 Tun’
453 1975 575 2014 etiam
609 1975 673 2014 hic
706 1990 802 2027 eras,
836 1974 1030 2016 Plausus?

306 2031 449 2072 Deum
471 2044 593 2085 atque
616 2033 834 2072 hominum
855 2034 923 2086 qui
948 2044 1058 2086 pater
1081 2048 1134 2084 es,
1157 2048 1317 2074 summe
1338 2033 1540 2087 Juppiter,

306 2091 399 2130 Hoc
430 2090 531 2129 mihi
564 2088 782 2130 confirmes
812 2090 1007 2146 gaudium
1039 2106 1140 2131 neve
1172 2090 1294 2131 vllam
1325 2093 1429 2131 sinas
