1731 2360
94 138 203 179 ACT.
227 151 265 194 3,
284 138 347 180 sc.
371 138 433 193 2³]
515 129 1138 182 HISTRIOMASTIX
1487 141 1548 191 41

93 430 184 472 Pla.

94 545 198 587 Com.

91 602 183 644 Phi.

92 775 183 816 Pla.

96 832 196 873 Com.

91 890 182 932 Pla.

94 949 130 988 C
131 964 199 990 om.

89 1005 181 1047 Phi.

92 1064 183 1105 Pla.

91 1179 185 1220 Phi.

92 1294 184 1336 Pla.

96 1468 200 1510 Com.

96 1756 189 1799 Phi.

93 1872 184 1913 Pla.

95 2104 200 2144 Com.

267 259 435 300 Novam
467 259 520 299 illi
555 258 796 299 intervenire
829 254 1143 313 aegritudinem!

266 318 350 370 Ah,
395 318 450 357 mi
494 317 621 357 dulcis
667 330 778 369 puer,
819 329 945 369 quam
992 325 1037 354 tu
1082 324 1217 368 gratus
1262 326 1420 365 semper
1464 311 1556 352 ades

382 375 482 414 mihi
504 372 511 415 !
1520 388 1556 418 15

267 432 430 484 Hercle,
480 431 709 482 Comoedia,
757 445 900 470 omnes
946 444 1021 483 ego
1070 428 1184 468 nihili
1232 428 1348 479 facio,
1394 427 1464 467 tibi
1514 436 1557 466 vt

379 490 637 530 subserviam.

260 545 372 587 Deos
403 561 544 600 quaeso
575 557 618 586 vt
649 545 867 586 demerear.
931 543 1046 591 Quid
1077 544 1173 599 agis,
1207 540 1514 583 Philomathes?

262 603 414 658 Egon?
456 603 602 657 aedipol
633 615 797 656 stupens
827 602 982 657 gaudeo

264 660 383 702 licere
413 676 525 701 nunc
556 662 671 702 nobis
702 661 846 701 nostris
876 660 1081 700 amoribus

265 718 328 759 vel
360 719 487 759 invito
519 718 552 759 F
555 734 633 759 uco
664 720 738 759 hac
770 728 891 758 nocte
921 717 1084 770 perfrui.
1515 734 1556 756 20

265 776 408 817 Fuco?
449 791 474 816 o
504 777 649 830 superi,
682 775 824 817 Fuco?

836 833 950 880 Quid
982 843 1055 884 est,
1088 832 1143 872 mi
1177 830 1304 885 puer?

265 891 415 932 Hercle
447 893 597 931 mirum
629 892 677 932 de
710 892 824 932 Fuco
855 892 929 931 hac
958 902 1079 931 nocte
1107 889 1304 930 somniavi
1333 888 1554 929 somnium.

261 948 548 990 Meministine
565 949 577 989 ?

597 1006 812 1060 Eloquere.

265 1064 535 1118 Experrectus
568 1065 752 1116 memini,
775 1064 841 1104 sed
873 1063 1030 1117 postilla
1061 1063 1241 1116 elapsum
1272 1062 1466 1116 paulatim
1498 1072 1558 1102 est

381 1123 496 1162 mihi.

268 1179 433 1220 Refrica
464 1180 704 1220 memoriam
727 1190 769 1219 vt
789 1179 940 1232 aliquid
960 1178 1102 1219 saltem
1127 1179 1167 1218 in
1190 1188 1375 1218 mentem
1398 1191 1558 1218 revoces

381 1238 495 1277 mihi.
1518 1254 1557 1285 25

266 1295 362 1335 Huc
393 1306 594 1348 quantum
626 1295 797 1334 memini
830 1294 1034 1346 tendebat,
1057 1293 1210 1334 scilicet

265 1352 475 1406 Impetum
507 1354 549 1392 in
581 1367 648 1393 me
678 1352 774 1392 fecit
805 1363 845 1392 et
877 1352 918 1392 in
950 1352 1086 1392 nescio
1117 1365 1242 1405 quem
1275 1350 1484 1391 horridum

267 1410 416 1464 Coegit
447 1410 598 1451 locum.

644 1467 770 1514 Quod
800 1482 924 1507 omen
956 1477 1139 1507 avertant
1170 1467 1316 1520 superi.

266 1526 346 1566 Hei
389 1526 502 1576 mihi,
546 1524 832 1577 Philomathes,
875 1540 996 1578 quam
1037 1539 1201 1578 gravem
1244 1538 1319 1578 ego
1363 1524 1558 1564 iacturam

381 1583 555 1623 facerem

266 1640 305 1681 Si
339 1640 530 1681 Plausum
562 1641 664 1680 forte
695 1638 955 1681 amitterem!
999 1641 1083 1680 sine
1115 1654 1194 1693 quo
1520 1659 1561 1689 30

267 1699 416 1738 Vivere
448 1713 555 1738 mors
586 1699 686 1738 mihi
719 1709 789 1750 est,
822 1708 892 1738 aut
922 1699 951 1738 si
983 1697 1081 1751 quid
1114 1708 1244 1737 morte
1277 1698 1400 1750 peius.

262 1756 556 1809 Imprudentiae
590 1766 661 1807 est,
685 1755 914 1806 Comoedia,
942 1755 1215 1809 longinquum
1247 1769 1316 1807 per
1340 1770 1379 1795 se
1406 1754 1561 1795 malum

265 1814 382 1854 Inani
415 1814 660 1867 cogitatione
692 1828 906 1864 accersere,
940 1814 1054 1866 proin
1088 1811 1188 1852 nihil
1221 1823 1389 1853 metuas.

267 1871 478 1925 Quicquid
510 1886 576 1911 me
607 1869 690 1922 fiet,
722 1871 799 1911 hoc
831 1881 989 1911 certum
1021 1882 1080 1910 est
1111 1871 1225 1921 mihi,

266 1929 434 1970 Centies
479 1929 628 1969 moriar
674 1929 806 1982 potius
849 1927 974 1982 quam
1017 1927 1122 1981 apud
1166 1927 1283 1968 illum
1326 1928 1563 1968 servitutem

383 1985 528 2026 colam.
1523 2005 1561 2037 35

268 2044 520 2098 Quanquam
553 2044 630 2084 hoc
662 2058 767 2096 saepe
799 2058 963 2084 mecum
995 2044 1090 2097 egit.

1119 2100 1235 2148 Quid
1267 2099 1464 2141 obsecro?
