1731 2360
192 127 262 195 76

191 257 218 296 I
217 272 283 298 nv.

191 313 279 355 Fue.

192 429 228 468 C
229 429 282 470 al.

191 601 217 640 I
217 617 282 642 nv.

191 658 280 700 Fuc.

192 716 228 756 C
230 717 281 757 al.

185 773 274 814 Fuc.

187 832 213 870 I
213 847 279 872 nv.

187 946 225 986 F
223 962 278 988 uc.

189 1004 214 1043 I
215 1020 280 1046 nv.

187 1062 225 1101 F
223 1078 276 1103 uc.

186 1119 212 1158 I
211 1135 277 1161 nv.

188 1177 277 1218 Fut.

191 1235 282 1276 Cal.

184 1702 282 1743 Pru.

185 1817 273 1860 Fut.

186 1932 286 1975 Pru.

799 133 1045 184 FUCUS
1320 142 1445 196 [ACT.
1469 155 1509 194 4,
1527 143 1589 184 Sc.
1614 141 1658 183 8²

943 263 1119 304 Mucosa
1148 265 1305 304 sordida
1336 265 1565 306 Comoedia.
1617 285 1659 316 30

361 316 404 358 O
437 318 842 370 parcite‚——Pascitur
873 321 913 359 in
944 321 1046 361 viuis
1078 321 1195 374 liuor,
1227 333 1314 375 post
1345 323 1425 362 fata
1455 323 1636 376 quiescit.

361 373 435 413 Illa
466 376 546 415 iam
578 376 769 416 defuncta
801 388 871 429 est,
903 377 1008 418 vltus
1040 393 1105 419 me
1138 380 1217 419 iam
1248 395 1338 420 sum
1371 380 1463 420 satis
1493 394 1600 421 sane.

363 432 479 484 proin
511 447 596 485 nos,
629 433 798 485 Invidia,
831 445 983 475 nostras
1014 451 1232 477 euocemus
1262 452 1426 489 sorores,

364 488 623 530 Discordiam
655 492 883 531 Audaciam
916 493 1086 533 Metum
1118 505 1158 534 et
1188 494 1373 548 reliquas,

363 545 473 593 Quae
507 547 554 587 de
587 549 661 588 hac
693 550 858 589 victoria
890 551 1102 590 nobiscum
1133 567 1211 592 vna
1242 552 1536 606 congaudeant.
1615 571 1654 604 35

364 603 507 656 placet.

544 663 662 704 facite
693 665 803 718 quod
835 665 945 705 vobis
977 665 1099 706 lubet.

1113 723 1213 770 Quo
1245 735 1290 764 tu
1321 724 1447 765 vero?

357 775 456 823 Quo
487 778 560 817 nisi
593 779 641 818 ad
674 778 937 820 Prudentiam
969 781 1199 833 hospitam?

1212 839 1328 886 Quid
1358 841 1430 880 tibi
1462 855 1559 881 cum
1591 839 1658 881 illa

476 904 533 932 est
565 895 715 949 negotij
736 893 748 934 ?

360 948 511 990 Dicam
544 952 614 990 tibi
648 952 688 991 in
721 967 889 992 aurem:
941 951 1046 1005 pax!

977 1021 1019 1050 vt
1050 1021 1094 1051 tu
1126 1011 1344 1064 prudenter
1376 1027 1555 1066 nequam
1586 1010 1655 1054 es!

359 1063 476 1111 Quin
509 1077 636 1106 vestra
666 1067 797 1120 siquid
828 1068 1001 1120 amplius
1031 1083 1131 1121 opus
1161 1070 1211 1109 sit
1241 1085 1420 1122 opera—

1404 1127 1656 1181 pollicemur.

359 1179 517 1232 Valete‚
547 1182 794 1222 suauissimae
829 1184 1115 1223 amantissimae
1149 1185 1337 1239 pijssimae
1371 1184 1579 1227 veneficae.
1615 1206 1657 1236 40

366 1236 469 1278 Vale
501 1253 608 1278 sane.
674 1239 824 1292 Incipis
855 1240 1042 1282 Invidia?

759 1297 948 1351 [Euocant
978 1307 1041 1350 4⁰⁷‘
1069 1299 1168 1339 alias
1202 1299 1242 1341 V
1239 1300 1389 1355 eneficas
1421 1301 1656 1354 nominatim,

897 1366 1069 1408 cantant,
1102 1357 1249 1396 saltant
1275 1366 1398 1410 postea

455 1506 678 1553 ACTUS
719 1516 796 1569 5¹¹⁵.
872 1509 1110 1555 SCAENA
1146 1510 1387 1556 PRIMA.

706 1614 940 1655 Prudentia.
1004 1616 1040 1655 F
1040 1631 1135 1656 ucus.

360 1703 477 1750 Quin
524 1704 588 1744 dic
623 1706 736 1757 mihi,
772 1707 960 1760 magister
1003 1707 1127 1759 Fuce,
1170 1723 1191 1748 e
1233 1709 1390 1748 theatro
1432 1708 1656 1762 explosistis

475 1760 738 1803 Comoediam
770 1764 984 1804 funditus?

355 1818 570 1871 Funditus,
588 1820 772 1861 funditus
792 1835 900 1872 sane,
919 1822 984 1861 sed
1008 1837 1132 1875 quam
1154 1821 1238 1863 fieri
1262 1824 1395 1876 potuit
1417 1823 1654 1865 clanculum

474 1887 625 1929 tamen,
648 1877 896 1918 clanculum.

362 1933 426 1974 Ex
457 1935 595 1975 animo
626 1950 721 1976 sane
753 1936 909 1990 gaudeo
940 1938 1103 1991 quando
1132 1938 1242 1991 quod
1267 1937 1428 1978 voluisti
1455 1940 1555 1980 adeo
1583 1939 1655 1980 tibi

475 1994 667 2033 successit
698 2009 896 2047 prospere.

354 2049 430 2090 Sed
460 2050 557 2104 quid
589 2050 697 2091 hoc?
738 2052 917 2104 obsecro,
952 2051 1150 2107 Magister
1182 2053 1306 2105 Fuce,
1337 2054 1547 2108 quodnam
1578 2055 1656 2096 hoc

472 2108 751 2161 spectaculum
770 2108 783 2149 ?
