1731 2360
153 161 218 213 52
758 144 1004 194 FUCUS
1274 151 1401 204 [ACT.
1426 163 1464 206 3,
1487 151 1549 193 Sc.
1574 156 1618 205 7⁸

149 274 253 316 Hir.
325 274 452 315 Mitte
483 290 591 326 vero,
623 290 697 328 ego
729 275 798 314 has
828 273 1059 314 vtriculario
1089 273 1392 313 concinnandas
1420 272 1580 313 dedero.

152 332 230 374 Vil.
326 332 441 380 Quid
473 332 637 372 Ballada
668 330 788 371 mea?

149 389 252 431 Hir.
776 388 918 436 Quid?
962 389 1036 428 iras
1068 389 1108 427 in
1141 398 1180 428 te
1211 388 1313 441 gerit
1345 386 1574 427 immobiles

323 447 379 488 Et
410 447 481 487 tibi
514 447 769 486 renunciavit
802 448 843 485 in
876 456 1147 498 perpetuum3
1179 445 1308 497 abeat,
1342 445 1486 498 inquit,

325 504 424 552 Quo
456 504 601 559 dignus
633 515 690 544 est
728 505 767 543 in
805 518 968 543 crucem
1006 502 1113 543 recta
1148 503 1226 554 via,
1258 503 1360 543 tanti
1392 516 1466 555 ego
1500 501 1616 542 illum

439 562 555 602 facio.
1579 577 1616 609 15

153 618 231 661 Vil.
323 618 365 661 O
399 620 481 658 hon
515 620 783 659 honononero
815 630 989 658 tararero
1021 630 1240 658 tarararero
1272 619 1349 658 hei.

151 676 251 718 Hir.
322 675 412 732 Ego
433 676 482 717 ad
510 688 551 717 te
578 691 675 716 mox
698 687 884 727 revertar,
907 687 952 716 tu
981 677 1133 716 interea
1154 675 1229 715 loci
1260 691 1312 716 ne
1333 686 1373 716 te
1395 674 1613 716 excrucies,

324 734 412 775 Rus
444 734 539 775 Deo
571 734 732 774 volente
764 735 894 787 prima
925 734 1015 773 luce
1049 733 1277 774 redibimus.

152 791 230 834 Vil.
254 792 402 846 (cant.).
436 792 581 846 Egone
612 806 769 845 semper
800 792 959 847 ignibus
989 806 1078 832 vrar
1109 792 1217 831 hisce
1248 806 1323 831 nec
1356 789 1613 843 resipiscam?

324 848 469 903 Egone
482 864 640 902 semper
659 850 842 889 faucibus
856 849 897 888 in
912 863 980 889 ero
997 849 1151 901 mortis,
1166 863 1242 889 nec
1258 847 1518 889 reviviscam?
1575 868 1616 890 20

325 906 436 948 Cum
469 921 560 947 mea
591 921 657 947 me
689 907 918 947 contemnit
959 906 1120 958 amasia,
1151 906 1249 959 quid
1290 906 1391 945 mihi
1428 906 1509 946 vita
1540 906 1614 946 nisi

440 965 612 1004 taedium
631 963 644 1004 ?

324 1022 507 1062 Minima
542 1037 618 1061 nec
654 1021 856 1075 sperabilis
895 1022 1035 1075 gratia,
1073 1036 1181 1062 mors
1219 1021 1313 1061 huic
1355 1021 1522 1061 vnicum
1557 1029 1617 1061 est

442 1079 681 1120 remedium.

717 1225 954 1271 SCAENA
994 1228 1052 1271 8³.

246 1332 423 1373 Plausus.
489 1332 678 1373 Villanus.
741 1331 945 1372 Hirsutus.
1008 1330 1275 1371 Philomathes.
1337 1329 1524 1371 Ballada.

152 1424 242 1465 Pla.
329 1424 506 1476 Ballada,
537 1438 746 1478 quovsque
778 1424 988 1478 cytharam
1020 1423 1143 1463 etiam
1175 1434 1313 1463 tecum
1345 1421 1457 1462 cito?

327 1481 442 1534 Ain',
477 1482 659 1534 Hirsute,
691 1482 807 1521 tibias
837 1479 1054 1535 diffregisse
1086 1479 1231 1521 nobis?

153 1540 256 1581 Hir.
1212 1538 1381 1578 factum.

329 1596 446 1645 Quin
480 1598 640 1650 insuper
672 1597 713 1636 in
749 1596 963 1636 Villanum
1002 1595 1295 1636 contumeliosa
1327 1596 1465 1636 iniecit
1495 1596 1617 1636 verba

444 1654 632 1707 plurima.

156 1713 247 1754 Pla.
332 1713 431 1753 Non
464 1723 521 1752 est
553 1711 780 1752 verisimile.

155 1771 258 1811 Hir.
651 1770 711 1809 At
734 1784 875 1810 verum
897 1781 970 1822 est,
992 1770 1047 1810 ita
1068 1783 1209 1809 meum
1230 1768 1382 1808 amabit
1402 1767 1620 1810 sarculum.

330 1828 478 1879 Abeat‚
498 1828 644 1881 inquit,
663 1827 850 1867 Villanus
871 1842 951 1881 quo
974 1828 1118 1881 dignus
1139 1837 1196 1867 est
1219 1827 1260 1866 in
1283 1826 1433 1867 malam
1455 1841 1619 1868 crucem

446 1895 566 1925 recta.
1602 1902 1620 1935 5

156 1943 247 1985 Phi.
332 1943 401 1984 Ah
434 1943 632 1996 pervicax.

157 2001 248 2042 Pla.
633 2012 673 2041 et
704 2016 786 2054 quo
817 2015 856 2041 se
888 2000 1075 2041 Villanus
1107 2000 1258 2053 recepit
1288 1999 1452 2052 postea?

157 2058 260 2099 Hir.
332 2059 495 2111 Nempe
526 2059 670 2111 opinor
699 2073 781 2112 quo
813 2058 974 2098 iubebat
1011 2057 1176 2098 Ballada
1207 2057 1322 2097 illurn
1357 2072 1398 2097 se
1431 2056 1619 2109 recipere.

157 2115 249 2157 Phi.
333 2115 580 2156 Prohibeant
610 2117 755 2169 superi.
814 2128 937 2170 atque
969 2130 1107 2157 eccam
1140 2116 1220 2168 ipsa
1251 2116 1334 2155 exit
1364 2114 1479 2155 foras.
