<?xml version="1.0" encoding="UTF-8"?>
<!DOCTYPE html PUBLIC "-//W3C//DTD XHTML 1.0 Transitional//EN"
    "http://www.w3.org/TR/xhtml1/DTD/xhtml1-transitional.dtd">
<html xmlns="http://www.w3.org/1999/xhtml" xml:lang="en" lang="en">
 <head>
  <title>
</title>
<meta http-equiv="Content-Type" content="text/html;charset=utf-8" />
  <meta name='ocr-system' content='tesseract 3.04.00' />
  <meta name='ocr-capabilities' content='ocr_page ocr_carea ocr_par ocr_line ocrx_word'/>
</head>
<body>
  <div class='ocr_page' id='page_1' title='image "./fucushistriomast00warduoft_0037.png"; bbox 0 0 1731 2360; ppageno 0'>
   <div class='ocr_carea' id='block_1_1' title="bbox 119 91 228 132">
    <p class='ocr_par' dir='ltr' id='par_1_1' title="bbox 119 91 228 132">
     <span class='ocr_line' id='line_1_1' title="bbox 119 91 228 132; baseline 0.009 -1"><span class='ocrx_word' id='word_1_1' title='bbox 119 91 228 132; x_wconf 71' lang='lat' dir='ltr'>Aer.</span> 
     </span>
    </p>
   </div>
   <div class='ocr_carea' id='block_1_2' title="bbox 122 444 214 541">
    <p class='ocr_par' dir='ltr' id='par_1_2' title="bbox 122 444 214 541">
     <span class='ocr_line' id='line_1_2' title="bbox 124 444 214 484; baseline -0.011 0"><span class='ocrx_word' id='word_1_2' title='bbox 124 444 159 484; x_wconf 93' lang='lat' dir='ltr'><em>C</em></span> <span class='ocrx_word' id='word_1_3' title='bbox 161 459 214 484; x_wconf 86' lang='lat' dir='ltr'>or.</span> 
     </span>
     <span class='ocr_line' id='line_1_3' title="bbox 122 501 210 541; baseline 0 0"><span class='ocrx_word' id='word_1_4' title='bbox 122 501 210 541; x_wconf 74' lang='lat' dir='ltr'>Fue.</span> 
     </span>
    </p>
   </div>
   <div class='ocr_carea' id='block_1_3' title="bbox 123 789 213 829">
    <p class='ocr_par' dir='ltr' id='par_1_3' title="bbox 123 789 213 829">
     <span class='ocr_line' id='line_1_4' title="bbox 123 789 213 829; baseline -0.011 0"><span class='ocrx_word' id='word_1_5' title='bbox 123 789 213 829; x_wconf 89' lang='lat' dir='ltr'>Cor.</span> 
     </span>
    </p>
   </div>
   <div class='ocr_carea' id='block_1_4' title="bbox 120 846 220 887">
    <p class='ocr_par' dir='ltr' id='par_1_4' title="bbox 120 846 220 887">
     <span class='ocr_line' id='line_1_5' title="bbox 120 846 220 887; baseline 0.01 -1"><span class='ocrx_word' id='word_1_6' title='bbox 120 846 220 887; x_wconf 85' lang='lat' dir='ltr'><em>Pru.</em></span> 
     </span>
    </p>
   </div>
   <div class='ocr_carea' id='block_1_5' title="bbox 120 904 209 944">
    <p class='ocr_par' dir='ltr' id='par_1_5' title="bbox 120 904 209 944">
     <span class='ocr_line' id='line_1_6' title="bbox 120 904 209 944; baseline 0 0"><span class='ocrx_word' id='word_1_7' title='bbox 120 904 209 944; x_wconf 80' lang='lat' dir='ltr'>Fue.</span> 
     </span>
    </p>
   </div>
   <div class='ocr_carea' id='block_1_6' title="bbox 122 1019 220 1059">
    <p class='ocr_par' dir='ltr' id='par_1_6' title="bbox 122 1019 220 1059">
     <span class='ocr_line' id='line_1_7' title="bbox 122 1019 220 1059; baseline 0 0"><span class='ocrx_word' id='word_1_8' title='bbox 122 1019 220 1059; x_wconf 87' lang='lat' dir='ltr'><em>Pru.</em></span> 
     </span>
    </p>
   </div>
   <div class='ocr_carea' id='block_1_7' title="bbox 122 1134 209 1175">
    <p class='ocr_par' dir='ltr' id='par_1_7' title="bbox 122 1134 209 1175">
     <span class='ocr_line' id='line_1_8' title="bbox 122 1134 209 1175; baseline 0.011 -1"><span class='ocrx_word' id='word_1_9' title='bbox 122 1134 159 1174; x_wconf 86' lang='lat' dir='ltr'><em>F</em></span> <span class='ocrx_word' id='word_1_10' title='bbox 157 1150 209 1175; x_wconf 88' lang='lat' dir='ltr'>uc.</span> 
     </span>
    </p>
   </div>
   <div class='ocr_carea' id='block_1_8' title="bbox 122 1307 220 1406">
    <p class='ocr_par' dir='ltr' id='par_1_8' title="bbox 122 1307 220 1406">
     <span class='ocr_line' id='line_1_9' title="bbox 122 1307 220 1348; baseline -0.01 0"><span class='ocrx_word' id='word_1_11' title='bbox 122 1307 220 1348; x_wconf 89' lang='lat' dir='ltr'><strong><em>Pru.</em></strong></span> 
     </span>
     <span class='ocr_line' id='line_1_10' title="bbox 124 1365 212 1406; baseline 0.011 -1"><span class='ocrx_word' id='word_1_12' title='bbox 124 1365 212 1406; x_wconf 89' lang='lat' dir='ltr'>Fuc.</span> 
     </span>
    </p>
   </div>
   <div class='ocr_carea' id='block_1_9' title="bbox 127 1654 217 1694">
    <p class='ocr_par' dir='ltr' id='par_1_9' title="bbox 127 1654 217 1694">
     <span class='ocr_line' id='line_1_11' title="bbox 127 1654 217 1694; baseline 0 0"><span class='ocrx_word' id='word_1_13' title='bbox 127 1654 217 1694; x_wconf 85' lang='lat' dir='ltr'>Cor.</span> 
     </span>
    </p>
   </div>
   <div class='ocr_carea' id='block_1_10' title="bbox 125 1962 211 2060">
    <p class='ocr_par' dir='ltr' id='par_1_10' title="bbox 125 1962 211 2060">
     <span class='ocr_line' id='line_1_12' title="bbox 127 1962 211 2015; baseline 0 -14"><span class='ocrx_word' id='word_1_14' title='bbox 127 1962 211 2015; x_wconf 84' lang='lat' dir='ltr'>Ing.</span> 
     </span>
     <span class='ocr_line' id='line_1_13' title="bbox 125 2019 211 2060; baseline 0.012 -1"><span class='ocrx_word' id='word_1_15' title='bbox 125 2019 211 2060; x_wconf 86' lang='lat' dir='ltr'><em>Iud.</em></span> 
     </span>
    </p>
   </div>
   <div class='ocr_carea' id='block_1_11' title="bbox 256 79 1586 148">
    <p class='ocr_par' dir='ltr' id='par_1_11' title="bbox 256 79 1586 148">
     <span class='ocr_line' id='line_1_14' title="bbox 256 79 1586 148; baseline -0.002 -17"><span class='ocrx_word' id='word_1_16' title='bbox 256 103 292 143; x_wconf 92' lang='lat'>1,</span> <span class='ocrx_word' id='word_1_17' title='bbox 314 89 377 131; x_wconf 75' lang='lat' dir='ltr'>Sc.</span> <span class='ocrx_word' id='word_1_18' title='bbox 402 90 464 145; x_wconf 64' lang='lat'>32]</span> <span class='ocrx_word' id='word_1_19' title='bbox 546 79 1170 131; x_wconf 82' lang='lat' dir='ltr'>HISTRIOMASTIX</span> <span class='ocrx_word' id='word_1_20' title='bbox 1525 97 1541 129; x_wconf 94' lang='lat'>1</span> <span class='ocrx_word' id='word_1_21' title='bbox 1558 96 1586 148; x_wconf 82' lang='lat'><strong>3</strong></span> 
     </span>
    </p>
   </div>
   <div class='ocr_carea' id='block_1_12' title="bbox 290 208 1592 1707">
    <p class='ocr_par' dir='ltr' id='par_1_12' title="bbox 290 208 1592 1707">
     <span class='ocr_line' id='line_1_15' title="bbox 290 208 1591 266; baseline -0.004 -13"><span class='ocrx_word' id='word_1_22' title='bbox 290 223 446 266; x_wconf 87' lang='lat' dir='ltr'>arrepta</span> <span class='ocrx_word' id='word_1_23' title='bbox 476 209 771 252; x_wconf 88' lang='lat' dir='ltr'>occasiuncula.</span> <span class='ocrx_word' id='word_1_24' title='bbox 834 208 961 249; x_wconf 88' lang='lat' dir='ltr'>Hunc</span> <span class='ocrx_word' id='word_1_25' title='bbox 994 209 1114 262; x_wconf 87' lang='lat' dir='ltr'>igitur</span> <span class='ocrx_word' id='word_1_26' title='bbox 1151 208 1283 260; x_wconf 91' lang='lat' dir='ltr'>adibo,</span> <span class='ocrx_word' id='word_1_27' title='bbox 1315 219 1437 262; x_wconf 91' lang='lat' dir='ltr'>atque</span> <span class='ocrx_word' id='word_1_28' title='bbox 1470 224 1591 264; x_wconf 85' lang='lat' dir='ltr'>argu-</span> 
     </span>
     <span class='ocr_line' id='line_1_16' title="bbox 409 266 991 320; baseline -0.007 -10"><span class='ocrx_word' id='word_1_29' title='bbox 409 270 558 310; x_wconf 87' lang='lat' dir='ltr'>mentis</span> <span class='ocrx_word' id='word_1_30' title='bbox 587 269 775 309; x_wconf 88' lang='lat' dir='ltr'>euincam</span> <span class='ocrx_word' id='word_1_31' title='bbox 808 266 991 320; x_wconf 84' lang='lat' dir='ltr'>plurimis</span> 
     </span>
     <span class='ocr_line' id='line_1_17' title="bbox 294 323 1590 379; baseline -0.005 -10"><span class='ocrx_word' id='word_1_32' title='bbox 294 327 555 369; x_wconf 86' lang='lat' dir='ltr'>Comoediam</span> <span class='ocrx_word' id='word_1_33' title='bbox 586 325 854 379; x_wconf 87' lang='lat' dir='ltr'>prostibulum</span> <span class='ocrx_word' id='word_1_34' title='bbox 883 338 977 376; x_wconf 87' lang='lat' dir='ltr'>esse,</span> <span class='ocrx_word' id='word_1_35' title='bbox 1003 334 1126 377; x_wconf 88' lang='lat' dir='ltr'>atque</span> <span class='ocrx_word' id='word_1_36' title='bbox 1150 323 1470 364; x_wconf 89' lang='lat' dir='ltr'>adolescentium</span> <span class='ocrx_word' id='word_1_37' title='bbox 1501 338 1590 377; x_wconf 89' lang='lat' dir='ltr'>per-</span> 
     </span>
     <span class='ocr_line' id='line_1_18' title="bbox 408 385 566 425; baseline -0.006 0"><span class='ocrx_word' id='word_1_38' title='bbox 408 385 566 425; x_wconf 88' lang='lat' dir='ltr'>nitiem.</span> 
     </span>
     <span class='ocr_line' id='line_1_19' title="bbox 293 438 1285 497; baseline -0.003 -14"><span class='ocrx_word' id='word_1_39' title='bbox 293 444 353 483; x_wconf 82' lang='lat' dir='ltr'>At</span> <span class='ocrx_word' id='word_1_40' title='bbox 384 442 482 497; x_wconf 94' lang='lat' dir='ltr'>quid</span> <span class='ocrx_word' id='word_1_41' title='bbox 513 442 541 482; x_wconf 85' lang='lat' dir='ltr'>si</span> <span class='ocrx_word' id='word_1_42' title='bbox 576 440 796 481; x_wconf 90' lang='lat' dir='ltr'>immobilis</span> <span class='ocrx_word' id='word_1_43' title='bbox 825 440 889 492; x_wconf 84' lang='lat' dir='ltr'>sit,</span> <span class='ocrx_word' id='word_1_44' title='bbox 921 439 1112 495; x_wconf 88' lang='lat' dir='ltr'>magister</span> <span class='ocrx_word' id='word_1_45' title='bbox 1143 438 1285 480; x_wconf 85' lang='lat' dir='ltr'>Fuce?</span> 
     </span>
     <span class='ocr_line' id='line_1_20' title="bbox 1062 497 1590 538; baseline 0 -2"><span class='ocrx_word' id='word_1_46' title='bbox 1062 512 1145 537; x_wconf 91' lang='lat' dir='ltr'>non</span> <span class='ocrx_word' id='word_1_47' title='bbox 1175 498 1232 538; x_wconf 88' lang='lat' dir='ltr'>sic</span> <span class='ocrx_word' id='word_1_48' title='bbox 1263 497 1450 537; x_wconf 84' lang='lat' dir='ltr'>desistam</span> <span class='ocrx_word' id='word_1_49' title='bbox 1481 510 1590 536; x_wconf 85' lang='lat' dir='ltr'>sane.</span> 
     </span>
     <span class='ocr_line' id='line_1_21' title="bbox 294 554 1588 608; baseline -0.004 -10"><span class='ocrx_word' id='word_1_50' title='bbox 294 558 361 598; x_wconf 92' lang='lat' dir='ltr'>Ne</span> <span class='ocrx_word' id='word_1_51' title='bbox 406 556 536 597; x_wconf 86' lang='lat' dir='ltr'>vitalis</span> <span class='ocrx_word' id='word_1_52' title='bbox 577 556 678 595; x_wconf 86' lang='lat' dir='ltr'>siem</span> <span class='ocrx_word' id='word_1_53' title='bbox 722 555 750 595; x_wconf 87' lang='lat' dir='ltr'>si</span> <span class='ocrx_word' id='word_1_54' title='bbox 798 569 882 594; x_wconf 93' lang='lat' dir='ltr'>non</span> <span class='ocrx_word' id='word_1_55' title='bbox 925 555 1112 594; x_wconf 90' lang='lat' dir='ltr'>manibus</span> <span class='ocrx_word' id='word_1_56' title='bbox 1153 554 1400 608; x_wconf 86' lang='lat' dir='ltr'>pedibusque</span> <span class='ocrx_word' id='word_1_57' title='bbox 1437 554 1588 594; x_wconf 91' lang='lat' dir='ltr'>obnixe</span> 
     </span>
     <span class='ocr_line' id='line_1_22' title="bbox 408 614 1591 655; baseline -0.002 -1"><span class='ocrx_word' id='word_1_58' title='bbox 408 615 547 655; x_wconf 91' lang='lat' dir='ltr'>omnia</span> <span class='ocrx_word' id='word_1_59' title='bbox 578 614 723 653; x_wconf 90' lang='lat' dir='ltr'>fecero.</span> <span class='ocrx_word' id='word_1_60' title='bbox 1530 631 1591 652; x_wconf 90' lang='lat'>100</span> 
     </span>
     <span class='ocr_line' id='line_1_23' title="bbox 294 669 1590 722; baseline -0.003 -9"><span class='ocrx_word' id='word_1_61' title='bbox 294 672 412 720; x_wconf 87' lang='lat' dir='ltr'>Quin</span> <span class='ocrx_word' id='word_1_62' title='bbox 447 682 518 712; x_wconf 89' lang='lat' dir='ltr'>tua</span> <span class='ocrx_word' id='word_1_63' title='bbox 547 672 684 722; x_wconf 89' lang='lat' dir='ltr'>etiam,</span> <span class='ocrx_word' id='word_1_64' title='bbox 717 669 900 721; x_wconf 91' lang='lat' dir='ltr'>Corneli,</span> <span class='ocrx_word' id='word_1_65' title='bbox 931 684 1031 722; x_wconf 90' lang='lat' dir='ltr'>opus</span> <span class='ocrx_word' id='word_1_66' title='bbox 1061 680 1120 710; x_wconf 87' lang='lat' dir='ltr'>est</span> <span class='ocrx_word' id='word_1_67' title='bbox 1155 670 1204 710; x_wconf 87' lang='lat' dir='ltr'>ad</span> <span class='ocrx_word' id='word_1_68' title='bbox 1235 670 1341 710; x_wconf 87' lang='lat' dir='ltr'>hanc</span> <span class='ocrx_word' id='word_1_69' title='bbox 1373 683 1458 710; x_wconf 88' lang='lat' dir='ltr'>rem</span> <span class='ocrx_word' id='word_1_70' title='bbox 1490 669 1590 710; x_wconf 89' lang='lat' dir='ltr'>taci-</span> 
     </span>
     <span class='ocr_line' id='line_1_24' title="bbox 409 728 944 782; baseline -0.004 -12"><span class='ocrx_word' id='word_1_71' title='bbox 409 730 603 770; x_wconf 84' lang='lat' dir='ltr'>turnitate</span> <span class='ocrx_word' id='word_1_72' title='bbox 633 739 755 782; x_wconf 91' lang='lat' dir='ltr'>atque</span> <span class='ocrx_word' id='word_1_73' title='bbox 784 728 944 768; x_wconf 86' lang='lat' dir='ltr'>astutia.</span> 
     </span>
     <span class='ocr_line' id='line_1_25' title="bbox 296 785 1474 840; baseline -0.003 -12"><span class='ocrx_word' id='word_1_74' title='bbox 296 788 363 828; x_wconf 90' lang='lat' dir='ltr'>Ne</span> <span class='ocrx_word' id='word_1_75' title='bbox 393 788 541 839; x_wconf 90' lang='lat' dir='ltr'>vivam,</span> <span class='ocrx_word' id='word_1_76' title='bbox 575 796 815 840; x_wconf 87' lang='lat' dir='ltr'>praeceptor,</span> <span class='ocrx_word' id='word_1_77' title='bbox 847 785 876 825; x_wconf 92' lang='lat' dir='ltr'>si</span> <span class='ocrx_word' id='word_1_78' title='bbox 909 785 981 825; x_wconf 88' lang='lat' dir='ltr'>tibi</span> <span class='ocrx_word' id='word_1_79' title='bbox 1014 785 1055 824; x_wconf 92' lang='lat' dir='ltr'>in</span> <span class='ocrx_word' id='word_1_80' title='bbox 1088 785 1192 825; x_wconf 93' lang='lat' dir='ltr'>hanc</span> <span class='ocrx_word' id='word_1_81' title='bbox 1225 799 1310 825; x_wconf 89' lang='lat' dir='ltr'>rem</span> <span class='ocrx_word' id='word_1_82' title='bbox 1342 785 1474 825; x_wconf 90' lang='lat' dir='ltr'>deero.</span> 
     </span>
     <span class='ocr_line' id='line_1_26' title="bbox 293 842 1574 897; baseline -0.003 -11"><span class='ocrx_word' id='word_1_83' title='bbox 293 845 394 886; x_wconf 90' lang='lat' dir='ltr'>Mea</span> <span class='ocrx_word' id='word_1_84' title='bbox 420 855 558 885; x_wconf 89' lang='lat' dir='ltr'>autern</span> <span class='ocrx_word' id='word_1_85' title='bbox 587 859 708 896; x_wconf 85' lang='lat' dir='ltr'>opera</span> <span class='ocrx_word' id='word_1_86' title='bbox 731 844 761 883; x_wconf 92' lang='lat' dir='ltr'>si</span> <span class='ocrx_word' id='word_1_87' title='bbox 790 843 932 897; x_wconf 90' lang='lat' dir='ltr'>quovis</span> <span class='ocrx_word' id='word_1_88' title='bbox 961 843 1001 882; x_wconf 90' lang='lat' dir='ltr'>in</span> <span class='ocrx_word' id='word_1_89' title='bbox 1031 842 1120 883; x_wconf 89' lang='lat' dir='ltr'>loco</span> <span class='ocrx_word' id='word_1_90' title='bbox 1146 858 1227 883; x_wconf 90' lang='lat' dir='ltr'>esse</span> <span class='ocrx_word' id='word_1_91' title='bbox 1258 842 1379 896; x_wconf 85' lang='lat' dir='ltr'>possit</span> <span class='ocrx_word' id='word_1_92' title='bbox 1410 843 1574 895; x_wconf 90' lang='lat' dir='ltr'>impera.</span> 
     </span>
     <span class='ocr_line' id='line_1_27' title="bbox 291 901 1591 955; baseline -0.003 -11"><span class='ocrx_word' id='word_1_93' title='bbox 291 902 393 944; x_wconf 89' lang='lat' dir='ltr'>Sane</span> <span class='ocrx_word' id='word_1_94' title='bbox 414 917 523 955; x_wconf 90' lang='lat' dir='ltr'>vero,</span> <span class='ocrx_word' id='word_1_95' title='bbox 550 916 641 942; x_wconf 90' lang='lat' dir='ltr'>mea</span> <span class='ocrx_word' id='word_1_96' title='bbox 670 901 903 953; x_wconf 86' lang='lat' dir='ltr'>Prudentia,</span> <span class='ocrx_word' id='word_1_97' title='bbox 926 901 1073 941; x_wconf 87' lang='lat' dir='ltr'>merito</span> <span class='ocrx_word' id='word_1_98' title='bbox 1103 911 1144 942; x_wconf 89' lang='lat' dir='ltr'>te</span> <span class='ocrx_word' id='word_1_99' title='bbox 1173 915 1293 954; x_wconf 88' lang='lat' dir='ltr'>supra</span> <span class='ocrx_word' id='word_1_100' title='bbox 1322 914 1465 941; x_wconf 90' lang='lat' dir='ltr'>omnes</span> <span class='ocrx_word' id='word_1_101' title='bbox 1496 913 1591 940; x_wconf 89' lang='lat' dir='ltr'>amo</span> 
     </span>
     <span class='ocr_line' id='line_1_28' title="bbox 410 961 1592 1006; baseline -0.002 -6"><span class='ocrx_word' id='word_1_102' title='bbox 410 961 612 1000; x_wconf 87' lang='lat' dir='ltr'>foeminas.</span> <span class='ocrx_word' id='word_1_103' title='bbox 1530 977 1592 1006; x_wconf 88' lang='lat'>104</span> 
     </span>
     <span class='ocr_line' id='line_1_29' title="bbox 293 1016 1590 1071; baseline -0.003 -12"><span class='ocrx_word' id='word_1_104' title='bbox 293 1019 367 1070; x_wconf 87' lang='lat' dir='ltr'>At,</span> <span class='ocrx_word' id='word_1_105' title='bbox 390 1019 496 1071; x_wconf 90' lang='lat' dir='ltr'>prius</span> <span class='ocrx_word' id='word_1_106' title='bbox 517 1019 548 1058; x_wconf 88' lang='lat' dir='ltr'>si</span> <span class='ocrx_word' id='word_1_107' title='bbox 575 1016 706 1071; x_wconf 86' lang='lat' dir='ltr'>placet</span> <span class='ocrx_word' id='word_1_108' title='bbox 727 1031 851 1070; x_wconf 87' lang='lat' dir='ltr'>quam</span> <span class='ocrx_word' id='word_1_109' title='bbox 876 1016 1116 1070; x_wconf 85' lang='lat' dir='ltr'>aggredieris</span> <span class='ocrx_word' id='word_1_110' title='bbox 1138 1016 1247 1069; x_wconf 93' lang='lat' dir='ltr'>quod</span> <span class='ocrx_word' id='word_1_111' title='bbox 1270 1016 1450 1068; x_wconf 88' lang='lat' dir='ltr'>inceptas</span> <span class='ocrx_word' id='word_1_112' title='bbox 1476 1029 1590 1068; x_wconf 80' lang='lat' dir='ltr'>opuS,</span> 
     </span>
     <span class='ocr_line' id='line_1_30' title="bbox 294 1073 1492 1129; baseline -0.003 -12"><span class='ocrx_word' id='word_1_113' title='bbox 294 1075 437 1117; x_wconf 86' lang='lat' dir='ltr'>Refice</span> <span class='ocrx_word' id='word_1_114' title='bbox 467 1087 508 1116; x_wconf 86' lang='lat' dir='ltr'>te</span> <span class='ocrx_word' id='word_1_115' title='bbox 539 1086 674 1129; x_wconf 88' lang='lat' dir='ltr'>patera</span> <span class='ocrx_word' id='word_1_116' title='bbox 704 1075 786 1114; x_wconf 91' lang='lat' dir='ltr'>vini</span> <span class='ocrx_word' id='word_1_117' title='bbox 817 1073 988 1129; x_wconf 90' lang='lat' dir='ltr'>alijsque</span> <span class='ocrx_word' id='word_1_118' title='bbox 1019 1088 1117 1127; x_wconf 89' lang='lat' dir='ltr'>quas</span> <span class='ocrx_word' id='word_1_119' title='bbox 1149 1074 1280 1126; x_wconf 89' lang='lat' dir='ltr'>paravi</span> <span class='ocrx_word' id='word_1_120' title='bbox 1313 1073 1492 1126; x_wconf 83' lang='lat' dir='ltr'>dapibus.</span> 
     </span>
     <span class='ocr_line' id='line_1_31' title="bbox 293 1130 1520 1185; baseline -0.002 -11"><span class='ocrx_word' id='word_1_121' title='bbox 293 1134 356 1174; x_wconf 88' lang='lat' dir='ltr'>Re</span> <span class='ocrx_word' id='word_1_122' title='bbox 387 1148 479 1174; x_wconf 89' lang='lat' dir='ltr'>vera</span> <span class='ocrx_word' id='word_1_123' title='bbox 510 1134 653 1173; x_wconf 92' lang='lat' dir='ltr'>vinum</span> <span class='ocrx_word' id='word_1_124' title='bbox 684 1132 871 1172; x_wconf 87' lang='lat' dir='ltr'>adversor</span> <span class='ocrx_word' id='word_1_125' title='bbox 901 1145 1129 1185; x_wconf 89' lang='lat' dir='ltr'>nunquam,</span> <span class='ocrx_word' id='word_1_126' title='bbox 1161 1131 1236 1171; x_wconf 87' lang='lat' dir='ltr'>nisi</span> <span class='ocrx_word' id='word_1_127' title='bbox 1270 1132 1311 1171; x_wconf 92' lang='lat' dir='ltr'>in</span> <span class='ocrx_word' id='word_1_128' title='bbox 1344 1130 1520 1184; x_wconf 90' lang='lat' dir='ltr'>publico.</span> 
     </span>
     <span class='ocr_line' id='line_1_32' title="bbox 294 1188 1592 1244; baseline -0.003 -12"><span class='ocrx_word' id='word_1_129' title='bbox 294 1191 355 1232; x_wconf 93' lang='lat' dir='ltr'>Ibi</span> <span class='ocrx_word' id='word_1_130' title='bbox 378 1191 441 1231; x_wconf 88' lang='lat' dir='ltr'>vel</span> <span class='ocrx_word' id='word_1_131' title='bbox 464 1191 640 1244; x_wconf 88' lang='lat' dir='ltr'>pitissare</span> <span class='ocrx_word' id='word_1_132' title='bbox 662 1190 789 1240; x_wconf 86' lang='lat' dir='ltr'>nefas,</span> <span class='ocrx_word' id='word_1_133' title='bbox 806 1199 847 1229; x_wconf 90' lang='lat' dir='ltr'>at</span> <span class='ocrx_word' id='word_1_134' title='bbox 868 1188 1104 1229; x_wconf 89' lang='lat' dir='ltr'>clanculum</span> <span class='ocrx_word' id='word_1_135' title='bbox 1127 1189 1374 1243; x_wconf 83' lang='lat' dir='ltr'>ingurgitare</span> <span class='ocrx_word' id='word_1_136' title='bbox 1395 1188 1497 1228; x_wconf 90' lang='lat' dir='ltr'>nihil</span> <span class='ocrx_word' id='word_1_137' title='bbox 1518 1198 1592 1240; x_wconf 87' lang='lat' dir='ltr'>est,</span> 
     </span>
     <span class='ocr_line' id='line_1_33' title="bbox 297 1246 1047 1301; baseline -0.001 -12"><span class='ocrx_word' id='word_1_138' title='bbox 297 1249 417 1289; x_wconf 92' lang='lat' dir='ltr'>Nihil</span> <span class='ocrx_word' id='word_1_139' title='bbox 449 1263 607 1301; x_wconf 89' lang='lat' dir='ltr'>prorsus</span> <span class='ocrx_word' id='word_1_140' title='bbox 637 1248 667 1287; x_wconf 88' lang='lat' dir='ltr'>si</span> <span class='ocrx_word' id='word_1_141' title='bbox 700 1246 769 1288; x_wconf 88' lang='lat' dir='ltr'>fiat</span> <span class='ocrx_word' id='word_1_142' title='bbox 800 1246 1047 1288; x_wconf 89' lang='lat' dir='ltr'>clanculum.</span> 
     </span>
     <span class='ocr_line' id='line_1_34' title="bbox 294 1305 909 1361; baseline -0.007 -12"><span class='ocrx_word' id='word_1_143' title='bbox 294 1307 449 1349; x_wconf 87' lang='lat' dir='ltr'>Eamus</span> <span class='ocrx_word' id='word_1_144' title='bbox 479 1321 574 1361; x_wconf 86' lang='lat' dir='ltr'>ergo</span> <span class='ocrx_word' id='word_1_145' title='bbox 606 1307 713 1345; x_wconf 88' lang='lat' dir='ltr'>intro</span> <span class='ocrx_word' id='word_1_146' title='bbox 743 1305 792 1345; x_wconf 89' lang='lat' dir='ltr'>ad</span> <span class='ocrx_word' id='word_1_147' title='bbox 824 1319 909 1345; x_wconf 90' lang='lat' dir='ltr'>nos.</span> 
     </span>
     <span class='ocr_line' id='line_1_35' title="bbox 931 1361 1592 1414; baseline 0.002 -12"><span class='ocrx_word' id='word_1_148' title='bbox 931 1376 1082 1414; x_wconf 87' lang='lat' dir='ltr'>eamus,</span> <span class='ocrx_word' id='word_1_149' title='bbox 1116 1361 1297 1413; x_wconf 87' lang='lat' dir='ltr'>Corneli,</span> <span class='ocrx_word' id='word_1_150' title='bbox 1328 1362 1410 1402; x_wconf 90' lang='lat' dir='ltr'>cito</span> <span class='ocrx_word' id='word_1_151' title='bbox 1531 1381 1592 1403; x_wconf 91' lang='lat'>110</span> 
     </span>
     <span class='ocr_line' id='line_1_36' title="bbox 296 1419 1591 1475; baseline -0.003 -12"><span class='ocrx_word' id='word_1_152' title='bbox 296 1422 356 1463; x_wconf 88' lang='lat' dir='ltr'>Vt</span> <span class='ocrx_word' id='word_1_153' title='bbox 392 1421 559 1475; x_wconf 91' lang='lat' dir='ltr'>pallium</span> <span class='ocrx_word' id='word_1_154' title='bbox 597 1422 705 1461; x_wconf 90' lang='lat' dir='ltr'>intus</span> <span class='ocrx_word' id='word_1_155' title='bbox 741 1436 807 1461; x_wconf 91' lang='lat' dir='ltr'>me</span> <span class='ocrx_word' id='word_1_156' title='bbox 839 1419 1005 1460; x_wconf 89' lang='lat' dir='ltr'>induam</span> <span class='ocrx_word' id='word_1_157' title='bbox 1038 1431 1077 1460; x_wconf 90' lang='lat' dir='ltr'>et</span> <span class='ocrx_word' id='word_1_158' title='bbox 1110 1420 1315 1460; x_wconf 91' lang='lat' dir='ltr'>Iudicium</span> <span class='ocrx_word' id='word_1_159' title='bbox 1347 1419 1591 1460; x_wconf 87' lang='lat' dir='ltr'>conveniam</span> 
     </span>
     <span class='ocr_line' id='line_1_37' title="bbox 411 1478 684 1533; baseline -0.004 -13"><span class='ocrx_word' id='word_1_160' title='bbox 411 1478 684 1533; x_wconf 89' lang='lat' dir='ltr'>postmodum.</span> 
     </span>
     <span class='ocr_line' id='line_1_38' title="bbox 297 1536 1066 1588; baseline -0.004 -10"><span class='ocrx_word' id='word_1_161' title='bbox 297 1537 438 1585; x_wconf 88' lang='lat' dir='ltr'>Quem</span> <span class='ocrx_word' id='word_1_162' title='bbox 470 1538 500 1577; x_wconf 93' lang='lat' dir='ltr'>si</span> <span class='ocrx_word' id='word_1_163' title='bbox 533 1552 582 1578; x_wconf 87' lang='lat' dir='ltr'>ex</span> <span class='ocrx_word' id='word_1_164' title='bbox 613 1536 813 1577; x_wconf 88' lang='lat' dir='ltr'>sententia</span> <span class='ocrx_word' id='word_1_165' title='bbox 845 1536 1066 1588; x_wconf 90' lang='lat' dir='ltr'>dimovero,</span> 
     </span>
     <span class='ocr_line' id='line_1_39' title="bbox 299 1593 1364 1649; baseline -0.003 -13"><span class='ocrx_word' id='word_1_166' title='bbox 299 1595 464 1636; x_wconf 86' lang='lat' dir='ltr'>Faciam</span> <span class='ocrx_word' id='word_1_167' title='bbox 495 1609 571 1649; x_wconf 90' lang='lat' dir='ltr'>ego</span> <span class='ocrx_word' id='word_1_168' title='bbox 601 1594 721 1635; x_wconf 93' lang='lat' dir='ltr'>hodie</span> <span class='ocrx_word' id='word_1_169' title='bbox 751 1609 800 1634; x_wconf 88' lang='lat' dir='ltr'>ex</span> <span class='ocrx_word' id='word_1_170' title='bbox 832 1593 1050 1635; x_wconf 86' lang='lat' dir='ltr'>Comoedia</span> <span class='ocrx_word' id='word_1_171' title='bbox 1080 1593 1364 1647; x_wconf 83' lang='lat' dir='ltr'>Tragoediam.</span> 
     </span>
     <span class='ocr_line' id='line_1_40' title="bbox 298 1651 1563 1707; baseline -0.002 -13"><span class='ocrx_word' id='word_1_172' title='bbox 298 1652 453 1694; x_wconf 88' lang='lat' dir='ltr'>Eamus</span> <span class='ocrx_word' id='word_1_173' title='bbox 473 1668 583 1707; x_wconf 87' lang='lat' dir='ltr'>erg0,</span> <span class='ocrx_word' id='word_1_174' title='bbox 605 1666 702 1692; x_wconf 88' lang='lat' dir='ltr'>nam</span> <span class='ocrx_word' id='word_1_175' title='bbox 724 1651 841 1691; x_wconf 88' lang='lat' dir='ltr'>video</span> <span class='ocrx_word' id='word_1_176' title='bbox 863 1652 998 1692; x_wconf 91' lang='lat' dir='ltr'>nescio</span> <span class='ocrx_word' id='word_1_177' title='bbox 1019 1665 1121 1704; x_wconf 92' lang='lat' dir='ltr'>quos</span> <span class='ocrx_word' id='word_1_178' title='bbox 1143 1651 1208 1691; x_wconf 90' lang='lat' dir='ltr'>hic</span> <span class='ocrx_word' id='word_1_179' title='bbox 1229 1662 1425 1692; x_wconf 88' lang='lat' dir='ltr'>exeuntes</span> <span class='ocrx_word' id='word_1_180' title='bbox 1446 1651 1563 1691; x_wconf 88' lang='lat' dir='ltr'>foras.</span> 
     </span>
    </p>
   </div>
   <div class='ocr_carea' id='block_1_13' title="bbox 506 1778 1204 1838">
    <p class='ocr_par' dir='ltr' id='par_1_13' title="bbox 506 1778 1204 1838">
     <span class='ocr_line' id='line_1_41' title="bbox 506 1778 1204 1838; baseline -0.001 -13"><span class='ocrx_word' id='word_1_181' title='bbox 506 1779 730 1826; x_wconf 86' lang='lat' dir='ltr'>ACTUS</span> <span class='ocrx_word' id='word_1_182' title='bbox 774 1795 811 1824; x_wconf 92' lang='lat'>1.</span> <span class='ocrx_word' id='word_1_183' title='bbox 885 1778 1104 1825; x_wconf 88' lang='lat' dir='ltr'>SCENA</span> <span class='ocrx_word' id='word_1_184' title='bbox 1143 1786 1204 1838; x_wconf 71' lang='lat'>3².</span> 
     </span>
    </p>
   </div>
   <div class='ocr_carea' id='block_1_14' title="bbox 626 1879 1095 1933">
    <p class='ocr_par' dir='ltr' id='par_1_14' title="bbox 626 1879 1095 1933">
     <span class='ocr_line' id='line_1_42' title="bbox 626 1879 1095 1933; baseline 0 -14"><span class='ocrx_word' id='word_1_185' title='bbox 626 1880 834 1933; x_wconf 80' lang='lat' dir='ltr'>Ingenium.</span> <span class='ocrx_word' id='word_1_186' title='bbox 897 1879 1095 1920; x_wconf 84' lang='lat' dir='ltr'>Iudicium.</span> 
     </span>
    </p>
   </div>
   <div class='ocr_carea' id='block_1_15' title="bbox 299 1958 1593 2129">
    <p class='ocr_par' dir='ltr' id='par_1_15' title="bbox 299 1958 1593 2129">
     <span class='ocr_line' id='line_1_43' title="bbox 299 1958 1197 2015; baseline -0.002 -14"><span class='ocrx_word' id='word_1_187' title='bbox 299 1961 405 2015; x_wconf 84' lang='lat' dir='ltr'>Age,</span> <span class='ocrx_word' id='word_1_188' title='bbox 427 1961 533 2014; x_wconf 88' lang='lat' dir='ltr'>Age,</span> <span class='ocrx_word' id='word_1_189' title='bbox 554 1959 781 2014; x_wconf 91' lang='lat' dir='ltr'>Judicium,</span> <span class='ocrx_word' id='word_1_190' title='bbox 804 1970 848 2000; x_wconf 89' lang='lat' dir='ltr'>tu</span> <span class='ocrx_word' id='word_1_191' title='bbox 870 1970 954 2000; x_wconf 88' lang='lat' dir='ltr'>tarn</span> <span class='ocrx_word' id='word_1_192' title='bbox 976 1960 1112 2000; x_wconf 88' lang='lat' dir='ltr'>tardus</span> <span class='ocrx_word' id='word_1_193' title='bbox 1133 1958 1197 1999; x_wconf 88' lang='lat' dir='ltr'>es?</span> 
     </span>
     <span class='ocr_line' id='line_1_44' title="bbox 1118 2016 1593 2071; baseline 0 -14"><span class='ocrx_word' id='word_1_194' title='bbox 1118 2028 1163 2057; x_wconf 92' lang='lat' dir='ltr'>tu</span> <span class='ocrx_word' id='word_1_195' title='bbox 1184 2027 1336 2070; x_wconf 88' lang='lat' dir='ltr'>autem,</span> <span class='ocrx_word' id='word_1_196' title='bbox 1359 2016 1593 2071; x_wconf 89' lang='lat' dir='ltr'>Ingenium,</span> 
     </span>
     <span class='ocr_line' id='line_1_45' title="bbox 415 2074 838 2129; baseline -0.005 -13"><span class='ocrx_word' id='word_1_197' title='bbox 415 2087 499 2116; x_wconf 89' lang='lat' dir='ltr'>tarn</span> <span class='ocrx_word' id='word_1_198' title='bbox 531 2074 838 2129; x_wconf 82' lang='lat' dir='ltr'>praeproperus?</span> 
     </span>
    </p>
   </div>
  </div>
 </body>
</html>
