1731 2360
142 1799 233 1839 Cor.

140 1856 236 1911 Aeg.

145 1972 234 2013 Cor.

755 175 1001 226 FUCUS
1268 182 1396 235 [AcT.
1424 195 1459 235 1,
1482 182 1544 224 Sc.
1575 186 1616 222 1⁸

319 302 489 356 AEdipol
520 303 576 343 vti
609 318 761 343 nomen
793 304 951 343 obtinet
982 314 1202 344 assentator
1233 307 1430 360 egregius,

320 360 477 400 Miram
509 375 591 413 prae
625 375 666 400 se
697 361 828 401 ferens
859 361 1068 413 probitatis
1098 362 1287 415 speciem,

321 417 418 464 Qua
449 429 580 458 tectus
611 417 717 458 larva
748 419 902 457 nemini
936 419 1064 458 ferme
1095 419 1214 472 paulo
1246 419 1480 473 simpliciori

319 490 403 515 non
436 475 610 528 imponit
641 475 794 516 callide.
1574 498 1616 520 πο

315 543 552 585 portentum
580 548 728 574 narras.
791 544 830 573 et
854 533 1058 573 hunccine
1080 534 1263 574 adhibuit
1285 546 1397 588 pater
1418 536 1614 576 comitem

435 590 537 630 tibi?

311 646 537 700 Comitem,
569 647 725 702 AEgidi.

727 720 823 746 nam
855 706 952 759 quid
985 707 1117 747 isthuc
1148 707 1220 748 sibi
1254 707 1340 748 vult
1370 707 1617 761 suspirium?

319 762 536 817 Eloquere.

551 836 634 862 non
666 819 915 862 effutiveris?

923 880 999 919 vah
1032 879 1152 932 lapidi
1185 879 1341 920 dictum
1373 891 1482 934 puta.

320 935 420 975 Non
454 936 521 976 diu
552 946 611 976 est
643 936 806 989 quando
838 937 903 977 hic
935 952 1059 990 quem
1091 937 1173 976 dixi
1206 937 1355 990 Fucus,

320 992 511 1034 Aliorum
535 994 686 1047 (credo)
708 994 887 1034 eiusdem
910 994 1049 1034 farinae
1072 995 1290 1035 hominum
1312 995 1498 1036 laudibus
1574 1014 1612 1046 25

319 1062 358 1090 et
381 1051 518 1091 fucato
540 1051 822 1092 sanctimoniae
844 1053 1051 1092 schemate
1073 1053 1396 1105 commendatus,
1417 1053 1613 1093 intimum

319 1122 359 1148 se
391 1109 525 1162 ipsum
555 1108 661 1162 apud
693 1119 849 1161 patrem
881 1110 990 1150 fecit.

995 1182 1112 1220 porro
1143 1168 1322 1208 obsecro.

319 1222 483 1264 Postilla
524 1224 685 1264 nullum
728 1225 906 1278 inceptat
947 1236 1059 1278 pater
1098 1240 1199 1278 opus
1246 1226 1320 1266 nisi
1362 1226 1476 1267 Fuco
1516 1241 1616 1267 con-

433 1281 539 1322 sulto
600 1282 690 1322 rius.

317 1339 435 1380 Adeo
471 1297 778 1393 quariiprimum
815 1340 1085 1380 Academiam
1118 1351 1337 1381 venturum
1376 1356 1443 1382 me
1478 1341 1615 1382 decre-

433 1408 543 1437 verat

318 1453 569 1508 Magistrum
601 1454 761 1495 Fucum
790 1455 839 1508 (si
872 1456 946 1510 dijs
978 1455 1123 1509 placet)
1155 1457 1292 1496 statim
1325 1457 1365 1496 in
1397 1456 1613 1497 consilium

432 1513 608 1564 adhibet,
1573 1535 1615 1566 30

318 1569 398 1610 Cui
422 1585 487 1610 me
510 1570 805 1611 instituendum
829 1570 1019 1611 crederet.

1027 1640 1067 1669 et
1089 1644 1213 1682 quem
1236 1630 1266 1670 is
1286 1645 1424 1683 quaeso
1444 1630 1613 1671 molitur

318 1695 496 1725 tutorem
529 1685 632 1726 tibi?
693 1701 744 1726 an
777 1686 996 1739 Ingenium
1029 1687 1146 1739 forte,
1179 1697 1249 1727 aut
1280 1686 1508 1741 Judicium,

315 1754 385 1783 aut
417 1758 542 1796 quern
576 1743 772 1784 tandem?
804 1744 959 1796 expedi,

315 1800 535 1854 Ingenium
555 1800 567 1841 ?
595 1802 671 1841 vah
694 1803 743 1841 ab
767 1800 939 1855 Ingenio
961 1816 1118 1854 semper
1139 1803 1169 1842 is
1189 1803 1398 1843 abhorruit
1420 1803 1612 1845 maxime.

315 1858 382 1898 Ha
415 1859 494 1910 Ha,
527 1860 606 1898 he:
643 1860 853 1899 hominem
886 1859 1088 1913 quantivis
1119 1860 1233 1914 pretij
1268 1875 1480 1902 memoras.
1571 1881 1610 1912 35

317 1914 393 1956 Sed
425 1931 497 1956 cur
529 1917 558 1956 is
590 1918 755 1957 obsecro
786 1918 836 1957 ab
866 1917 1039 1971 Ingenio
1069 1917 1331 1958 abhorreret?

1352 1976 1519 2017 Audies.

316 2030 454 2071 Invtili
482 2032 588 2084 poesi
611 2033 775 2085 (inquit)
797 2032 1017 2086 Ingenium
1040 2047 1199 2086 semper
1219 2048 1383 2086 operam
1406 2033 1516 2074 dedit

316 2100 356 2128 et
386 2089 436 2128 ad
468 2089 621 2129 fabulas
652 2090 801 2130 dandas
831 2091 1016 2131 animum
1047 2090 1214 2143 appulit.

317 2146 517 2200 Nunquid
551 2148 673 2200 igitur
704 2147 858 2188 fabulas
889 2148 1121 2189 aversatur?
