1731 2360
186 790 278 831 Phi.

186 905 277 945 Pla.

186 962 277 1004 Phi.

187 1020 279 1061 Pla.

187 1078 280 1119 Phi.

186 1136 277 1177 Pla.

186 1309 277 1350 Phi.

184 1600 275 1641 Pla.

184 1658 274 1699 Phi.

184 1716 275 1756 Pla.

181 1831 273 1873 Phi.

182 1889 273 1930 Pla.

181 1946 273 1988 Phi.

181 2004 273 2046 Pla.

797 133 838 183 F
846 134 1043 184 UCUS
1309 142 1434 196 [ACT.
1459 155 1498 197 3,
1526 144 1588 185 Sc.
1611 148 1658 196 4³

360 274 481 316 atque
513 277 596 302 non
629 264 683 302 ita
714 263 870 315 pridem
903 262 1024 315 (quod
1057 264 1122 302 vix
1154 264 1303 315 putetis
1333 263 1539 318 credibile)

361 321 441 374 ipse
463 335 502 360 se
524 320 791 373 suspendisset
821 319 952 372 plane,
975 320 1048 359 nisi
1072 334 1147 374 ego
1170 320 1478 362 interuenissem
1506 321 1622 362 forte.

359 390 481 432 atque
512 378 611 418 adeo
643 392 715 417 cur
746 392 820 431 ego
852 378 917 417 hic
949 391 1096 419 maneo
1126 388 1248 431 atque
1282 377 1398 419 illum
1435 393 1518 420 non
1556 380 1653 420 hinc

475 449 618 489 sequor
649 435 892 488 protenam?
1594 457 1655 479 100

360 493 423 534 Ita
453 494 564 534 enim
593 492 726 532 subito
755 503 812 532 est
845 492 1009 547 ingenio
1037 502 1080 532 vt
1111 493 1324 534 hominem
1352 493 1466 534 valde
1496 504 1650 535 metuo.

757 617 994 663 SCAENA
1034 624 1094 678 5².

671 705 938 747 Philomathes.
1001 706 1177 748 Plausus.

359 788 525 829 Plausus
561 787 817 840 lepidissime,
854 798 893 827 te
930 787 1009 826 huc
1045 787 1250 840 quesitum
1283 788 1389 828 veni.
1450 788 1549 841 quid
1586 788 1652 828 hic

475 845 637 900 agitur?

662 902 877 955 plauditur.

360 961 476 1002 Itane
507 959 632 1000 vero?

450 1019 512 1060 Ita
534 1033 603 1071 per
626 1018 720 1057 deos
740 1017 850 1057 fabre
871 1031 996 1070 vsque
1016 1016 1149 1057 adhuc
1170 1028 1478 1071 consequuntur
1499 1019 1650 1059 omnia.

363 1077 422 1117 At
444 1086 629 1128 euentus,
651 1075 707 1115 mi
731 1089 843 1128 puer,
866 1075 983 1115 rebus
1004 1084 1169 1127 praestat
1189 1075 1394 1115 omnibus.

1345 1133 1527 1173 ominare
1549 1133 1651 1173 bene

361 1193 511 1233 modo:
553 1192 668 1245 quin,
700 1191 730 1230 si
762 1189 857 1244 quid
887 1204 999 1230 secus
1029 1190 1233 1242 acciderit,
1265 1189 1372 1244 quod
1403 1205 1485 1231 sors
1516 1190 1616 1231 ferat

360 1250 502 1304 AEquo
533 1250 635 1290 ferre
666 1258 825 1302 oportet
855 1248 1006 1288 animo.

977 1305 1215 1345 Memorem
1246 1316 1346 1345 tune
1378 1305 1573 1346 moneas?
1633 1327 1651 1356 5

358 1366 467 1407 Istuc
498 1366 570 1405 viri
609 1365 787 1405 officium
824 1377 981 1416 semper
1013 1363 1198 1402 duxerim
1231 1377 1326 1403 cum
1362 1363 1552 1404 secundae
1591 1378 1651 1404 res

474 1434 568 1464 sunt
600 1422 778 1462 maxime

358 1493 448 1523 tum
480 1481 658 1521 maxime
689 1492 828 1520 secum
859 1478 1044 1518 meditari
1075 1492 1156 1531 quo
1188 1488 1305 1531 pacto
1330 1478 1539 1519 aduersam
1568 1478 1648 1520 for-

472 1550 616 1579 tunam
648 1538 791 1578 ferant.

360 1596 516 1638 Laudo.
578 1595 644 1636 sed
675 1594 782 1634 vnde
811 1592 953 1634 venis?

856 1651 947 1705 Ego
969 1650 1143 1704 paternis
1165 1651 1332 1703 aedibus,
1354 1651 1421 1692 sed
1443 1651 1548 1692 vnde
1571 1650 1648 1692 tu?

358 1713 449 1767 Ego
478 1713 543 1752 hie
564 1726 689 1765 vsque
717 1723 976 1750 commorans
1003 1708 1154 1762 lepidos
1181 1723 1386 1750 sermones
1415 1708 1648 1750 subauscul-

471 1770 554 1810 taui
585 1784 635 1809 ex
667 1768 828 1823 insidijs.

358 1827 582 1877 Quorum?

584 1883 738 1925 Villani
769 1896 917 1935 nempe
948 1892 989 1922 et
1019 1881 1195 1922 Balladae
1226 1881 1493 1935 lepidissimae.
1607 1901 1647 1924 10

355 1959 450 1986 nam
483 1958 554 1984 cur
584 1941 869 1995 lepidissimam
901 1937 1047 1980 vocas?

1054 1997 1212 2051 rogitas,
1244 1995 1535 2048 Philomathes,

355 2060 424 2114 qui
457 2060 487 2100 si
523 2059 589 2099 hic
619 2056 808 2098 adfuisses
838 2055 917 2095 risu
949 2054 1096 2107 aedipol
1127 2064 1338 2095 emortuus
1369 2069 1481 2095 nunc
1511 2054 1642 2096 esses?

356 2120 406 2159 ha
437 2118 554 2158 docte
585 2126 625 2156 et
655 2125 744 2155 cate
775 2112 939 2154 Ballada
970 2111 1183 2152 Villanum
1215 2111 1338 2153 illusit
1369 2112 1576 2153 miserum.
