1731 2360
167 167 235 218 34
771 147 1016 197 FUCUS
1285 152 1413 207 [AcT.
1437 163 1476 204 2,
1499 151 1562 194 Sc.
1587 157 1630 206 5³

162 279 290 320 Mim.
339 277 406 317 Ha
436 278 488 317 ha
519 278 583 329 he,
616 276 759 316 revixit
793 276 950 326 revixit,
983 273 1160 315 Ballada.

163 337 256 377 Bal.
1219 331 1373 372 abstine
1405 344 1562 382 manus,

338 393 536 444 Verbero,
568 392 642 432 nisi
675 391 732 431 vis
764 391 804 430 in
837 390 975 430 oculos
1007 388 1196 429 involem.

164 451 278 492 Mul.
1229 460 1353 499 apage
1385 455 1436 485 te.

164 509 292 550 Mim.
341 507 430 561 Ego
462 518 502 547 te
533 517 670 546 autem
703 506 776 546 nisi
810 504 1028 545 osculando
1060 501 1259 544 enecem?

164 567 278 607 Mul.
337 566 433 605 Aha
463 565 548 604 sine
582 579 660 604 me.

164 624 273 665 Alia.
671 620 817 674 ecquid
849 631 888 660 te
920 618 1072 672 pudet?

166 682 259 723 Bal.
340 680 401 720 Vt
422 679 540 731 vales,
565 693 703 719 meum
726 677 937 718 corculum
955 676 967 717 ?
996 677 1065 716 vin
1087 690 1234 730 aquam
1255 675 1367 727 vitae,
1389 674 1525 715 anime
1547 673 1603 714 mi
1622 673 1634 714 ?

169 739 246 781 Vil.
338 738 422 790 Ah,
456 736 634 789 Ballada,
666 736 848 789 profecto
880 734 1084 775 reddidisti
1114 735 1301 775 animum
1333 732 1447 774 mihi.
1592 741 1633 780 46

455 793 601 834 Pectus
632 808 770 834 amore
801 793 944 832 misere
974 792 1077 832 calet
1371 803 1464 847 [tune
1483 801 1635 848 ‘Puppie

456 851 620 905 Corque
652 850 869 890 formidine
900 850 1096 903 perpetim
1128 849 1228 890 salit.
1370 853 1430 885 has
1513 850 1635 885 beaten

457 909 495 950 Si
528 908 624 949 velis
655 923 751 962 ergo
783 908 882 947 mihi
915 908 1044 947 facere
1076 908 1182 957 satis,
1373 899 1635 946 saucieJacke·’]

457 965 544 1006 Des
574 965 681 1006 illico
713 975 881 1005 centum
914 964 1050 1004 oscula
1080 963 1226 1018 gratis!
1595 985 1636 1014 50

172 1024 434 1076 Com.2.Hei‚
466 1024 547 1064 vin’
584 1038 741 1063 rursum
774 1023 905 1062 fricari
939 1033 1072 1074 caput,
1106 1021 1269 1062 Villane
1301 1021 1387 1062 mi?

169 1083 296 1124 Mim.
340 1083 438 1122 Non
466 1082 587 1121 habet
614 1095 736 1134 opus:
770 1080 924 1120 etenim
948 1080 1186 1120 iamdudum
1208 1090 1266 1120 est
1288 1081 1413 1121 homo
1434 1079 1634 1134 perfrictae

459 1139 614 1179 frontis.

171 1199 262 1239 Bal.
345 1197 467 1252 Erige
500 1207 538 1236 te
571 1197 612 1236 in
644 1196 776 1249 pedes,
810 1195 972 1235 Villane
1004 1195 1059 1234 mi
1093 1194 1332 1235 dulcissime.

173 1257 251 1299 Vil.
343 1255 431 1306 Oh,
465 1269 555 1294 mea
586 1253 740 1293 mellita
772 1252 949 1304 Ballada,
984 1252 1204 1293 Charontis
1236 1253 1277 1292 in
1309 1253 1457 1308 cymba

347 1313 442 1367 Jam
475 1326 603 1365 nuper
636 1311 752 1364 plane
785 1311 855 1350 fui.
921 1310 1102 1362 Charon,
1134 1325 1158 1349 o
1191 1308 1387 1351 Charon!
1597 1329 1636 1361 55

172 1372 263 1413 Bal.
346 1370 389 1412 O
424 1370 540 1409 mitte
571 1369 710 1408 nenias
741 1382 892 1422 quaeso.
954 1378 1153 1408 mecastor
1183 1378 1229 1407 tu
1261 1368 1556 1421 propemodum

348 1428 535 1469 Mortem
566 1427 676 1480 quasi
710 1440 778 1479 per
809 1425 955 1465 saltum
986 1425 1178 1465 asciveras
1209 1425 1294 1466 tibi.

558 1578 781 1624 ACTUS
821 1592 863 1624 2.
937 1577 1173 1623 SCAENA
1213 1578 1254 1623 6.

457 1686 630 1726 Comites.
692 1685 822 1725 Fusus.
890 1683 1123 1738 Reliquique.
1185 1683 1360 1725 Plausus.

180 1779 284 1820 Com.
302 1790 335 1817 1.
351 1776 468 1823 Quin
495 1789 674 1828 propera,
698 1774 866 1825 medice,
890 1787 1067 1826 propera.
1129 1781 1175 1812 tu
1196 1771 1261 1824 pol
1283 1770 1494 1813 cochleam
1514 1771 1644 1815 anteis

467 1832 725 1872 tarditudine.

179 1894 267 1935 Fuc.
350 1890 524 1939 Quoties
557 1891 633 1929 hoc
664 1889 750 1940 tibi,
783 1903 849 1928 me
882 1902 963 1928 non
995 1902 1077 1928 esse
1108 1886 1344 1927 medicum?

182 1953 286 1993 Com.
302 1963 336 1991 1.
354 1948 549 1990 Mentiris
580 1948 674 1999 iarn,
695 1961 781 2001 age,
803 1961 888 2000 age.
949 1946 1048 1999 quin
1078 1959 1245 1998 propera
1273 1945 1441 1999 inquam
1467 1955 1538 1986 aut
1568 1960 1644 2001 ego

469 2006 594 2045 faxim
627 2019 824 2058 properes.

181 2067 270 2107 Fuc.
353 2065 472 2112 Quos
492 2078 567 2117 ego
588 2061 729 2150 video?
763 2072 833 2102 aut
853 2075 1047 2115 quaenam
1070 2061 1160 2100 haec
1181 2062 1348 2114 profana
1368 2061 1499 2114 turba,
1520 2075 1645 2115 quam

471 2135 675 2174 conspicio
693 2153 701 2160 .
