1731 2360
113 132 222 172 Αρτ.
247 144 286 187 3,
309 132 372 173 Sc.
405 131 463 188 1³]
545 123 1169 176 HISTRIOMASTIX
1515 139 1578 190 39

113 252 202 294 Pla.
285 252 403 294 Pater
434 265 474 295 te
505 255 810 308 quamprimum
844 268 940 294 cum
973 255 1050 293 hoc
1082 253 1206 293 choro
1237 267 1316 291 vna
1348 252 1516 291 domum

288 326 464 364 reelpere
497 313 620 352 iussit.

114 367 206 409 Bal.
611 369 748 421 audin,
781 369 836 408 mi
869 367 1063 409 Villane?

115 425 155 467 V
153 425 193 467 il.
1060 439 1197 465 eamus
1228 439 1323 478 ergo
1356 438 1534 477 propere.

282 483 370 524 vale
400 495 459 534 tu,
492 484 673 538 fungule.
741 484 848 524 abire
879 498 991 523 nunc
1023 483 1117 523 licet
1148 483 1221 522 tibi
1256 482 1295 521 in
1329 496 1413 521 rem
1446 493 1574 522 tuam.

285 542 383 595 quid
414 543 480 581 hic
512 539 784 581 cunctamur?
845 539 863 580 I
897 555 995 594 prae,
1029 539 1265 581 Choraules.
1521 559 1580 580 100

285 597 483 638 Saltantes
514 599 607 639 licet
639 614 775 652 vsque,
809 599 944 638 minus
975 599 1036 637 via
1070 598 1204 649 laedet,
1238 611 1388 637 eamus.

1046 655 1219 709 [Exeunt
1249 670 1366 694 omnes
1396 653 1579 694 saltantes

114 712 202 754 Fue.
281 713 331 753 In
358 713 506 754 malam
532 728 696 754 crucem
724 714 910 753 homines
938 714 1218 766 nequissimos

285 770 427 817 Quam
458 786 533 825 ego
565 772 814 824 inauspicato
846 771 925 810 huc
956 785 1052 810 curn
1083 770 1253 824 Ignauia
1283 767 1442 824 prodij!

286 840 327 868 at
357 843 551 882 quorsum
584 829 715 869 dicam
748 829 919 868 chorum
952 829 1062 868 hunc
1093 827 1303 868 accersiuit
1335 825 1580 880 Ingenium?

284 886 390 940 apud
418 886 628 940 Judicium
659 886 799 939 procul
829 886 951 926 dubio
981 885 1214 938 impetrauit
1242 884 1402 940 Ingenij
1429 885 1580 936 impor-

401 954 554 984 tunltas
1521 961 1578 991 105

285 1011 328 1041 vt
361 1000 579 1042 Comoedia
609 1002 773 1054 prodeat
804 1013 844 1041 et
877 1001 915 1041 id
947 1001 1056 1040 intus
1089 1015 1200 1040 nune
1231 1011 1359 1054 agunt
1391 998 1558 1039 scilicet.

284 1059 361 1099 hoc
393 1073 468 1112 ego
499 1074 548 1099 ex
580 1058 736 1099 Iudicio
767 1058 948 1098 electabo
979 1059 1212 1111 propediem

283 1127 327 1156 vt
361 1117 390 1156 si
428 1117 502 1156 hac
540 1116 802 1158 Comoediam
840 1131 1000 1170 nequeo
1037 1116 1300 1169 supprimere,
1331 1114 1409 1155 alia
1440 1128 1580 1168 aggre-

401 1174 484 1213 diar
514 1174 588 1214 via.

283 1231 424 1272 stabile
445 1242 503 1271 est
525 1231 624 1271 mihi
649 1231 809 1284 nuptias
832 1231 900 1271 has
921 1231 1081 1271 turbare
1099 1245 1236 1284 vsque,
1254 1230 1322 1270 sed
1344 1229 1579 1270 clanculum

402 1287 647 1329 clanculum.

467 1441 690 1487 ACTUS
729 1449 806 1501 311⁵.
880 1441 1116 1487 SCAENA
1159 1448 1214 1486 12.

591 1545 859 1586 Philomathes.
922 1545 1097 1586 Plausus.

113 1635 205 1676 Phi.
288 1635 466 1688 Plausus,
501 1637 564 1676 vbi
598 1635 667 1676 es?

111 1693 202 1734 Pla.
668 1694 733 1734 En
767 1693 960 1734 Plausum
992 1709 1013 1733 a
1046 1705 1158 1747 tergo
1190 1693 1276 1733 tibi.

112 1751 203 1792 Phi.
284 1750 373 1803 Eia,
406 1766 497 1791 mea
529 1752 736 1803 festiuitas,
769 1766 893 1805 quarn
925 1763 970 1791 tu
1001 1751 1101 1790 mihi
1135 1765 1244 1790 nunc
1277 1762 1386 1790 totus
1419 1747 1578 1803 places!

112 1809 202 1850 Pla.
284 1808 517 1863 Nunquam
552 1809 607 1848 fui
640 1810 762 1849 etiam
795 1824 962 1862 vsquam
993 1810 1093 1862 quin
1126 1823 1192 1848 me
1223 1823 1365 1848 omnes
1396 1818 1581 1847 amarent

403 1867 625 1920 plurimum

288 1924 445 1978 Meque
465 1925 574 1965 sinus
595 1925 729 1964 omnis
751 1939 816 1964 me
839 1939 983 1964 manus
1005 1925 1138 1964 omnis
1162 1924 1295 1963 habet.

285 1982 471 2036 nunquid
514 1994 558 2022 tu
600 1997 682 2022 non
734 1982 899 2033 invides,
946 1981 1232 2032 Philomathes,
1275 1981 1380 2020 hanc
1429 1990 1582 2020 sortem

403 2040 503 2079 mihi
521 2039 534 2079 ?
1563 2056 1580 2088 5

114 2096 204 2138 Phi.
286 2097 385 2138 Non
417 2098 607 2151 equidem
640 2097 814 2148 invideo,
848 2098 971 2137 miror
1003 2098 1144 2150 magis.
