1731 2360
89 160 200 201 Aer.
219 170 258 212 2,
280 158 342 199 Se.
366 157 430 212 2²²]
511 146 1134 200 HISTRIOMASTIX
1487 157 1551 209 25

89 280 180 322 Phi.

93 339 198 378 Com.

92 395 181 437 Iud.

89 453 181 494 Phi.

90 511 178 551 Iud.

94 568 199 608 Com.

92 856 183 897 Phi.

92 914 179 953 Iud

92 971 183 1011 Phi.

95 1143 201 1184 Com.

93 1201 185 1241 Phi.

96 1259 187 1300 Con.

94 1713 131 1753 F
130 1729 183 1754 uc.

99 1829 135 1869 C
137 1843 189 1870 or.

97 1886 188 1926 Fue.

99 1943 190 1984 Cor.

99 2000 136 2040 F
135 2016 189 2041 uc.

264 279 382 327 Quos
413 279 528 320 ludos
559 277 722 319 narras?

739 333 943 388 Spectabis
976 347 1085 372 mox.

265 394 358 436 Eho
390 393 678 435 Philomathes.

704 449 834 490 Pater.

872 506 984 546 ocius
1014 506 1094 545 huc
1125 504 1174 544 ad
1208 518 1274 544 me
1306 503 1426 542 intro.

266 567 350 619 Ah,
375 581 440 607 me
462 565 698 616 infaelicem,
721 565 897 604 nimium
919 577 1058 603 vereor
1080 562 1303 617 augurabar
1325 570 1446 611 certe,
1518 578 1558 610 30

265 624 463 665 Persuasit
494 623 559 664 ille
591 624 774 675 impurus
803 631 862 661 sat
893 621 975 660 scio
1007 635 1080 660 nos
1110 620 1350 683 disiungere.

265 683 325 723 At
354 692 399 722 tu
430 696 496 721 me
529 681 694 732 deseres,
725 676 1031 719 Philomathes?
1064 678 1134 717 An
1164 692 1239 732 ego
1270 676 1329 716 tui
1359 673 1486 731 gratia
1518 674 1559 713 in

381 753 560 779 scaenam
593 738 718 792 prodij

266 796 322 838 Et
353 807 400 837 tu
431 797 510 836 iam
544 794 728 836 deseres?

466 853 606 894 Deum
629 864 750 906 atque
772 851 989 892 hominum
1015 849 1177 904 [fidem]
1198 863 1282 889 non
1305 859 1344 888 te
1366 848 1559 888 deseram.

268 911 559 963 Philomathes,
592 912 774 964 inquam.

689 967 923 1008 abeundum
946 976 1016 1006 est.
1078 980 1219 1019 quaeso
1241 963 1439 1018 paulisper
1460 962 1561 1014 vale,

265 1038 305 1068 et
342 1041 411 1081 per
447 1028 525 1067 hoc
562 1027 715 1066 basium
755 1036 929 1065 revertar
960 1023 1081 1075 illico,
1119 1034 1159 1063 et
1190 1022 1288 1076 quid
1326 1022 1480 1062 factum
1513 1021 1563 1061 sit

381 1095 421 1124 te
451 1085 667 1125 certiorem
699 1083 857 1123 faciam.
1522 1096 1560 1129 35

266 1142 524 1183 Memineris.

564 1200 620 1239 Ni
653 1199 831 1238 venio—

841 1254 909 1295 Sat
940 1264 1012 1306 est,
1044 1253 1144 1294 vale.

267 1315 356 1367 Sed,
386 1315 485 1368 proh
515 1329 702 1368 supreme
730 1313 930 1364 coelitum,
953 1327 1078 1366 quem
1100 1310 1248 1351 video?
1281 1309 1477 1351 Fucum?
1509 1324 1561 1350 ne

382 1373 495 1428 perij,
527 1373 556 1412 si
590 1373 620 1412 is
651 1386 717 1411 me
748 1371 956 1424 aspexerit.

493 1517 715 1564 ACTUS
751 1531 794 1563 2.
867 1516 1086 1562 SCENA
1123 1530 1167 1562 2.

505 1627 636 1666 Fucus.
697 1625 881 1678 Ignavia.
946 1624 1154 1665 Cornelius.

267 1712 372 1766 Age,
406 1726 516 1765 puer,
548 1712 612 1751 exi
645 1712 741 1762 cito,
775 1711 971 1764 prospice,
1003 1710 1175 1764 despice,
1207 1710 1487 1763 circumspice.

269 1770 496 1810 Neminem
529 1769 665 1810 vides?

676 1827 742 1867 Ne
773 1841 915 1867 vnum.

934 1885 1228 1937 circumspecta
1259 1883 1407 1924 denuo.

272 1942 414 1983 Nemo
445 1953 517 1983 est.
580 1943 679 1982 mihi
712 1942 818 1982 credi
852 1952 942 1982 tuto
974 1942 1080 1982 licet.

828 2000 1068 2052 prodeamus
1096 2014 1205 2053 ergo.
1268 2000 1363 2050 iam,
1386 1998 1568 2052 Ignavia,

272 2057 408 2113 Pange
440 2058 540 2098 mihi
572 2058 770 2098 suavium.
833 2058 912 2097 iam
944 2058 1056 2109 heus,
1089 2071 1200 2110 puer,
1233 2058 1419 2097 obserato
1450 2056 1555 2097 fores

270 2115 333 2156 vel
364 2116 511 2169 potiuS,
537 2115 706 2156 audin’?
746 2116 860 2156 aufer
893 2126 932 2156 te
965 2116 1072 2156 hinc.
1126 2116 1222 2155 hem
1254 2114 1507 2155 manta-ho
1551 2133 1568 2164 5
