1731 2360
110 139 219 180 ACT.
243 152 282 194 3,
305 140 367 182 Sc.
391 140 453 194 92]
535 133 1158 183 HISTRIOMASTIX
1506 148 1531 200 5
1544 148 1569 200 5

110 260 200 301 Fuc.

112 374 204 416 Phi.

111 433 198 474 Iud.

111 490 149 530 F
147 506 200 532 uc.

110 547 197 589 Iud.

110 662 199 704 Fuc.

110 720 187 760 Iud

110 777 148 817 F
146 752 198 819 uc..

109 835 133 874 I
133 836 195 875 ud.

110 892 147 932 F
145 908 198 934 uc.

109 1007 196 1050 Iud.

110 1179 148 1220 F
146 1197 199 1222 uc.

110 1238 200 1279 Phi.

110 1295 200 1337 Pla.

111 1353 148 1393 F
147 1369 199 1395 uc.

108 1469 132 1508 I
133 1470 194 1509 ud.

109 1642 198 1683 Fuc.

110 1758 196 1798 Iud.

110 1815 147 1855 F
146 1831 198 1856 uc.

109 1932 194 1972 Iud.

109 1989 200 2030 Phi.

109 2047 146 2087 F
145 2063 198 2087 uc.

282 262 441 302 Harum
475 263 626 302 aedium
659 262 826 301 domino
857 263 1011 302 amicus
1042 276 1117 315 ego
1149 276 1253 313 sum,
1286 275 1377 301 sum
1409 275 1516 301 sane.

284 318 432 360 licetne
463 334 558 360 eum
590 320 809 359 conuenire
841 331 881 359 et
912 318 1120 373 colloqui?

1132 392 1215 417 non
1249 376 1355 416 licet.

286 433 392 481 Quis
423 434 503 474 illic
535 445 592 474 est
623 435 691 488 qui
724 448 790 473 me
821 446 1076 474 conuentum
1109 433 1250 487 cupit?
1535 453 1572 484 15

286 492 458 532 Amicus
489 502 582 531 tuus
613 490 646 532 F
649 506 761 532 ucuS.

770 548 911 596 Quem
940 564 1014 603 ego
1044 550 1176 589 norim
1204 550 1393 590 inimicus
1413 550 1569 590 vnicus.

283 616 323 645 et
353 606 448 659 quid
479 607 551 646 tibi
584 621 748 646 mecum
781 607 932 661 negotij
967 606 1055 647 est?
1099 607 1254 659 expedi.

284 662 501 704 Paululum
532 664 629 717 quid
659 664 767 718 quod
799 665 870 704 tibi
903 665 1252 704 communicarem
1284 663 1531 705 clanculum.

285 720 495 775 Quicquid
527 732 598 773 est,
629 721 691 761 vel
723 722 788 761 hic
820 721 1006 775 eloquere
1038 721 1097 761 vel
1130 722 1242 762 abeo.

282 779 468 832 nunquid
500 793 594 834 ergo
625 789 665 819 te
696 794 779 818 non
812 778 905 819 licet
936 779 1084 833 alloqui
1117 780 1202 819 sine
1233 779 1421 820 arbitris?
1533 799 1574 822 το

283 836 381 875 Non
414 836 508 876 licet
539 837 719 890 inquam.
780 836 856 876 alia
887 851 953 876 me
984 848 1153 877 manent
1183 838 1359 893 negotia.

282 892 489 949 Negotia?
541 893 752 941 Quaenam
784 904 824 934 te
855 895 1018 948 negotia
1049 894 1277 948 impediunt
1308 910 1390 949 quo
1421 896 1558 936 minus

282 952 422 991 amicis
452 965 615 1004 operam
647 951 788 992 dares?

795 1009 861 1049 Ne
892 1010 1056 1062 nescias,
1089 1009 1214 1063 Fuce,

284 1065 514 1108 Comoediae
546 1067 706 1119 nuptias
736 1082 985 1120 apparamus.
1047 1079 1158 1108 vtere
1188 1067 1327 1109 oculis.

281 1124 439 1165 Annon
470 1123 668 1177 nuptiales
698 1125 803 1165 faces
834 1124 1071 1165 iamdudum
1102 1140 1288 1166 accensas
1318 1125 1456 1167 vides?
1530 1145 1571 1178 ²5

282 1180 384 1222 Sane
414 1196 508 1222 vero
539 1181 696 1222 medius
726 1181 844 1222 fidius
875 1197 949 1222 nec
980 1193 1075 1222 ante
1106 1184 1382 1235 praevideram.

282 1239 334 1279 ha
364 1240 415 1279 ha
445 1239 509 1280 he.
572 1238 750 1291 Plausus,
781 1254 824 1279 os
856 1240 1032 1280 hominis
1062 1240 1164 1281 vide.

1168 1313 1312 1339 vocem
1334 1300 1571 1352 comprime.

285 1369 497 1407 nunquam
529 1369 604 1408 ego
635 1355 766 1395 adhuc
798 1370 922 1409 Vsque
953 1356 1061 1409 quod
1093 1367 1151 1395 est
1182 1356 1258 1396 diei
1292 1371 1426 1398 caecus
1457 1357 1529 1398 fui.

284 1411 398 1458 Quid
429 1411 577 1466 agam?

582 1469 696 1517 Quid
726 1471 794 1522 ais,
827 1470 968 1510 Fuce?
1010 1482 1170 1525 gratum
1202 1472 1322 1512 facies

281 1527 397 1567 nobis
428 1539 540 1567 tuam
571 1528 599 1567 si
634 1528 786 1568 dederis
817 1543 981 1581 operam
1014 1540 1055 1568 vt
1088 1527 1320 1569 Comoediae
1532 1550 1573 1581 30

283 1583 446 1625 Omnes
476 1585 554 1624 vna
585 1585 658 1625 hac
690 1596 810 1625 nocte
843 1586 1172 1627 concelebremus
1202 1589 1375 1640 nuptias.

284 1641 399 1689 Quid
433 1641 608 1682 faciam?
649 1658 808 1696 nequeo
839 1658 905 1682 me
937 1645 1160 1696 continere,
1193 1645 1296 1684 vltra
1326 1645 1574 1686 dissimulare

397 1700 536 1740 odium
568 1715 739 1753 nequeo.

284 1756 400 1805 Quid
430 1758 512 1798 ais?

518 1814 660 1869 Apage
690 1831 712 1855 a
743 1831 809 1856 me
839 1816 1086 1869 Comoedias,
1119 1832 1241 1873 apage
1274 1819 1447 1872 nuptias,
1480 1834 1574 1873 apa-

398 1883 480 1926 gite
510 1888 664 1914 omnes.

282 1929 386 1970 Vale
417 1931 539 1984 igitur
569 1942 689 1984 atque
720 1932 858 1972 animo
890 1943 961 1971 tuo
992 1947 1150 1973 morem
1182 1948 1286 1989 gere.

285 1986 398 2035 Quid
430 1989 498 2040 ais,
530 1987 672 2029 Fuce?

692 2046 806 2093 Quid
839 2047 876 2087 id
908 2047 979 2088 tibi
1534 2070 1573 2102 35

281 2102 405 2144 Curae
437 2102 524 2143 est?
