1731 2360
85 155 195 196 AcT.
219 167 259 208 2,
281 155 343 196 Sc.
364 155 425 209 3³]
508 146 1133 197 HISTRIOMASTIX
1484 159 1550 210 29

89 515 179 556 Phi.

94 977 179 1029 Ign.

97 1149 187 1190 Phi.

98 1439 184 1492 Ign.

102 1669 193 1710 Phi.

103 1727 127 1767 I
122 1741 188 1780 gn.

105 1957 197 1999 Pht.

107 2015 193 2069 Ign.

106 2131 196 2173 Phi.

471 317 694 363 ACTUs
733 331 776 362 2.
851 315 1089 361 SCAENA
1127 330 1171 375 3.

534 422 804 463 Philomathes.
867 421 1052 475 Ignavia.

265 515 348 555 Vbi
365 514 445 554 illic
459 514 587 555 scelus
600 523 658 554 est
672 514 741 567 qui
759 528 824 553 me
838 511 1034 566 perdidit?
1057 513 1109 551 oh
1124 512 1154 551 si
1171 511 1250 551 iam
1266 511 1426 551 daretur
1439 511 1554 563 mihi,

263 573 329 613 Ne
360 573 494 612 vivam
526 573 599 611 nisi
632 571 843 611 hominem
875 584 947 623 pro
979 570 1125 609 merito
1156 568 1320 609 vlciscar
1352 568 1487 621 probe,

263 630 350 677 Qui
383 645 449 670 me
481 630 672 669 miserum
704 639 757 681 et,
789 628 899 681 quod
931 642 996 667 me
1027 626 1233 667 excruciat
1265 626 1455 678 maxime,

262 687 524 729 Comoediam
576 701 709 726 meam
761 686 856 739 (nisi
906 685 1003 738 quid
1053 685 1105 740 dij
1160 684 1388 737 respiciant)
1439 683 1557 736 plane

379 744 622 797 disperdidit.

265 803 345 843 Nae
362 817 436 858 ego
453 812 505 854 te,
524 802 648 853 Fuce,
663 802 691 841 si
707 801 985 853 vixero,—sed
1000 811 1040 840 et
1054 800 1174 853 patris
1189 814 1254 839 me
1268 799 1392 852 pudet
1407 799 1501 851 mei,
1536 817 1552 848 5

267 861 378 900 Huic
410 860 596 913 nugatori
628 860 696 912 qui
729 859 889 898 aurium
922 873 1085 911 operam
1117 857 1270 898 dederit

267 917 323 959 Et
354 918 524 957 nimiam
555 916 783 956 adhibuerit
814 914 950 956 fidem.

270 976 410 1029 Agite,
442 974 700 1015 subcoelestes
731 975 914 1026 sphaerae,

269 1034 338 1073 Ad
368 1043 576 1085 stuporem
609 1046 748 1072 meum
784 1032 932 1086 adigite
964 1029 1252 1070 Philomathen
1283 1030 1392 1070 suavi
1426 1029 1560 1083 aliqua

384 1089 658 1130 cantiuncula.

269 1149 354 1199 Ah,
407 1163 498 1188 mea
551 1146 782 1199 Comoedia,
834 1157 904 1186 tua
955 1146 1061 1186 haud
1114 1146 1249 1185 inania
1300 1145 1380 1185 iam
1431 1146 1561 1185 sentio

384 1221 434 1246 au
465 1220 562 1244 uria.
1524 1223 1564 1244 10

270 1220 563 1360 Quidfiaigidio?
586 1261 731 1349 P'vnde?
761 1275 955 1315 quorsum
986 1261 1087 1301 hoc?
1120 1260 1218 1314 quid
1246 1261 1287 1300 hi
1316 1261 1388 1300 sibi
1418 1259 1562 1300 volunt

417 1321 567 1360 dicines
585 1353 593 1359 .

271 1380 383 1420 Nam
415 1379 479 1418 cui
512 1378 644 1417 dicam
677 1377 781 1417 hanc
813 1387 1088 1430 comparatam
1120 1391 1202 1416 esse
1233 1374 1461 1416 musicam?

275 1436 542 1489 Obstupescit
564 1434 752 1475 misellus.
803 1445 844 1474 at
866 1449 941 1490 ego
962 1434 1089 1474 salute
1112 1434 1202 1474 data
1222 1444 1430 1487 stuporem
1454 1434 1563 1474 hunc

387 1504 606 1533 excutiam.

275 1552 361 1592 Vos
395 1551 608 1591 abscedite.
672 1549 949 1590 Philomathes
990 1550 1060 1601 mi,
1098 1564 1189 1589 mea
1228 1549 1429 1602 voluptas,
1466 1549 1563 1603 quid

389 1608 551 1664 agitur?

275 1667 391 1715 Quid
423 1667 461 1706 id
493 1681 601 1706 curae
633 1665 735 1705 tibi?
777 1677 915 1705 tuaene
948 1666 1011 1705 hae
1046 1664 1257 1716 illecebrae,
1289 1663 1487 1719 Ignavia?
1527 1684 1563 1715 15

275 1723 503 1766 Illecebrae?
534 1725 584 1763 ah
616 1738 668 1763 ne
699 1724 858 1774 dixeris,
891 1722 1182 1775 Philomathes,
1214 1737 1266 1762 ne
1296 1723 1455 1775 dixeris,

277 1782 432 1823 Nostra
462 1796 514 1821 ne
544 1781 732 1821 sordeant
763 1781 849 1832 tibi,
881 1780 997 1820 nihili
1029 1780 1137 1832 licet,
1169 1779 1424 1820 munuscula.

277 1840 393 1888 Quid
425 1854 490 1879 me
521 1849 607 1879 tam
638 1840 761 1878 torvis
791 1838 1001 1878 collustras
1029 1837 1187 1878 oculis?
1220 1852 1294 1894 ego
1324 1838 1423 1891 quid
1454 1837 1494 1877 in
1527 1848 1568 1879 te

392 1898 641 1951 peccaverim
660 1895 672 1936 ?

274 1956 391 2003 Quid
421 1966 468 1995 tu
499 1955 669 1994 molesta
699 1954 799 1993 mihi
832 1953 898 1994 es?
929 1954 1016 2007 pish
1048 1954 1161 1994 aufer
1193 1954 1262 1993 has
1295 1952 1518 1994 blanditias,

278 2014 355 2055 Eia
371 2024 455 2053 tam
469 2011 653 2052 saeviter?
675 2026 750 2066 ego
768 2011 971 2064 despectui
990 2012 1060 2052 tibi
1079 2026 1184 2063 sum,
1202 2009 1492 2063 Philomathes,
1527 2030 1569 2052 κο

279 2071 500 2125 Postquam
533 2070 795 2111 Comoediam
826 2068 965 2110 amas?

987 2141 1121 2181 neque
1153 2127 1192 2166 id
1225 2126 1431 2167 immerito
1463 2136 1548 2166 tuo.
