1731 2360
139 134 206 185 54
742 120 988 170 Focus
1258 128 1386 182 [Am.
1411 139 1450 182 3,
1472 126 1534 168 sc.
1559 125 1603 167 ea

135 246 224 286 Pla.
738 249 826 300 pish
858 262 981 301 vsque
1012 263 1053 288 es
1082 249 1209 288 animi
1241 246 1468 302 pendulus?

138 303 215 343 Vil.
309 304 515 358 Siquidem
548 305 604 344 nil
636 304 714 345 tale
746 306 970 358 posthac—

135 360 237 402 Hir.
937 363 1101 403 labascit
1132 363 1196 403 hei
1228 377 1352 417 quam
1383 360 1491 403 cito!

311 419 420 466 Quae
451 434 524 459 nos
554 430 780 473 precatores
810 430 928 460 nacta
958 430 1017 461 est
1047 421 1134 472 sibi,
1168 420 1233 460 illa
1264 421 1336 461 tibi

309 477 420 518 Cum
452 478 606 517 cithara
635 487 676 517 te
706 487 749 517 vt
780 477 956 518 oblectet
987 478 1099 518 venit
1130 478 1306 518 obviam.
1561 497 1600 529 35

139 533 217 574 Vil.
241 534 390 588 (cant.).
425 534 624 576 Osculare
658 535 750 586 iam,
783 536 877 587 iam,
910 536 1003 587 iam,
1036 535 1216 576 osculare
1246 536 1341 588 iam,

309 591 522 644 Osculare,
555 607 607 632 ne
638 607 811 643 morare,
843 593 910 633 sed
941 608 1014 649 age
1045 604 1259 646 protenam
1291 594 1371 633 hei.

137 648 230 690 Phi.
307 648 452 690 Sancte
484 648 657 702 Divum,
689 665 813 704 quem
845 650 988 691 video?
1033 651 1141 691 intro
1172 665 1241 692 vos
1271 651 1472 704 corripite.

308 707 504 762 perijmus
534 708 607 747 nisi
641 722 768 763 ocyus
798 723 937 763 ocyus,
969 708 1003 749 F
1006 723 1106 749 ucus
1137 708 1260 750 adest.

136 763 227 804 Pla.
308 764 400 820 Ego
431 765 531 805 mihi
562 765 656 805 satis
685 779 840 806 cavero.
1559 786 1603 815 40

134 821 223 862 Phi.
308 820 384 862 Ibo
412 837 487 877 ego
516 823 622 863 intro
647 833 688 862 et
718 822 932 863 occludam
953 824 1118 876 ostium,
1140 834 1180 865 et
1204 824 1270 864 vbi
1293 823 1424 877 pultet
1445 837 1601 865 exeam.

709 972 928 1018 sOENA
967 980 1028 1034 92.

268 1075 400 1117 Fucus.
461 1075 729 1118 Philomathes.
791 1076 964 1117 Plausus.
1029 1075 1215 1117 Iudicium
1246 1092 1264 1116 e
1280 1076 1470 1132 fenestra.

135 1167 223 1208 Fue.
308 1167 411 1208 Sane
441 1182 537 1208 vero
567 1169 638 1208 flos
668 1169 811 1208 veteris
842 1169 925 1208 vini
959 1169 1049 1221 fuit,
1081 1169 1188 1223 quod
1221 1170 1301 1210 bibi
1334 1170 1470 1211 modo.

308 1226 431 1278 probe
462 1226 644 1279 profecto
675 1226 869 1266 madefeci
902 1227 1082 1279 pantices
1113 1227 1227 1268 mihi.

308 1283 378 1322 Ah
414 1298 538 1336 quam
579 1298 717 1324 suaves
756 1294 851 1324 sunt
893 1285 1119 1337 potationes
1156 1285 1220 1325 hae
1263 1284 1523 1326 clandestinae
1561 1296 1601 1326 et

424 1340 671 1382 clanculares
691 1340 699 1381 l

310 1397 386 1438 Sed
418 1398 575 1438 Iudicio
605 1399 911 1452 quamprimum
943 1410 1147 1439 convento
1178 1415 1278 1453 opus
1308 1410 1368 1440 est
1398 1401 1498 1440 mihi

308 1466 351 1496 vt
381 1456 479 1509 quid
510 1456 559 1496 de
589 1455 674 1496 filio
705 1457 844 1496 statuit
876 1456 993 1509 plane
1026 1457 1264 1511 intelligam.
1581 1478 1599 1509 5

309 1513 605 1610 Tard}usf³¹³lus
627 1515 771 1567 opinor
799 1514 869 1565 fui,
892 1514 959 1554 sed
980 1515 1175 1568 quicquid
1205 1516 1390 1556 futurum
1412 1526 1470 1556 est
1496 1517 1599 1557 fores

442 1586 579 1612 eriam.

135 1629 225 1670 Phi.
312 1628 419 1676 Quis
449 1628 530 1668 illic
561 1630 628 1682 qui
661 1640 744 1669 tam
776 1639 963 1682 proterue
993 1640 1147 1670 nostras
1177 1630 1320 1671 arietat
1352 1630 1487 1672 foras?

136 1687 223 1727 Fue.
308 1686 399 1742 Ego
430 1701 534 1738 sum,
566 1686 809 1727 adolescens.

134 1744 225 1785 Phi.
807 1743 862 1784 Et
892 1744 986 1798 quid
1021 1754 1067 1785 tu
1098 1746 1169 1785 tibi
1201 1746 1273 1798 vis,
1304 1745 1457 1786 senex?

309 1801 423 1849 Quid
455 1801 525 1841 tibi
558 1802 607 1841 ad
638 1802 708 1842 has
737 1802 910 1842 accessio
941 1814 999 1843 est
1030 1803 1135 1843 aedes
1165 1813 1234 1843 aut
1266 1803 1467 1856 pultatio?

136 1860 224 1901 Fue.
311 1858 485 1911 Placide,
516 1858 684 1912 placide,
715 1859 957 1900 adolescens.

135 1917 225 1958 Phi.
937 1917 1122 1970 placide?
1152 1933 1306 1972 quaeso,
1337 1920 1516 1973 quisquis
1543 1935 1597 1973 es,

309 1975 404 2014 hinc
436 1985 477 2015 te
507 1975 620 2014 aufer
650 1986 719 2014 aut
750 1989 825 2028 ego
856 1985 897 2014 te
928 1975 1026 2016 hinc
1058 1976 1224 2029 pedibus
1256 1987 1471 2029 proteram.
1558 1998 1593 2019 11

136 2033 226 2072 Fuc.
309 2033 459 2072 Nostin
491 2033 560 2086 qui
593 2032 682 2084 sim,
714 2031 972 2074 adolescens?

134 2090 225 2131 Phi.
951 2091 1115 2131 obsecro
1145 2106 1230 2131 non
1262 2091 1452 2133 desidero.
