1731 2360
86 176 194 217 Aer.
223 190 258 230 1,
280 177 342 219 Sc.
367 178 427 231 5³]
509 171 1131 222 HISTRIOMASTIX
1489 186 1549 236 19

87 300 177 342 Fuc.

86 358 173 399 Iud.

88 474 177 514 Fuc.

87 531 112 571 I
112 532 176 572 ud.

88 703 125 743 F
124 719 176 744 uc.

88 1050 177 1090 Iud.

89 1164 178 1205 Fuc.

89 1511 176 1551 Iud.

91 1799 128 1839 F
127 1815 180 1839 uc.

257 301 360 342 Sane
390 302 486 356 quia
515 300 598 342 filio
629 312 702 341 tuo
733 301 853 354 cupio
885 301 1001 340 bene.

1019 358 1129 411 quasi
1163 371 1246 397 non
1279 357 1400 410 digna
1430 356 1524 396 satis

261 416 456 464 Quacum
487 415 591 456 filius
623 416 849 467 contrahat,
882 413 1100 455 Comoedia
1131 413 1260 455 esset?

966 473 1066 512 mihi
1099 472 1230 523 crede,
1264 471 1553 524 indignissima.

261 532 498 585 Antiquum
516 530 583 584 pol
600 532 771 583 obtines,
790 531 913 570 Fuce.
967 530 1030 570 dic
1049 530 1148 569 mihi
1170 544 1242 569 cur
1265 529 1554 584 indignissima.

262 589 350 631 Cur
395 600 441 629 tu
482 591 542 629 his
587 603 685 642 quas
731 603 806 644 ego
852 588 1008 627 decrevi
1056 587 1296 627 iamdudum
1341 585 1556 626 adversaris

376 645 560 701 nuptijs?
1515 663 1555 694 25

258 703 427 756 Multae,
465 704 684 756 Iudicium,
722 718 853 743 causae
891 713 986 743 sunt
1021 703 1289 756 quamobrem
1326 702 1447 755 cupio
1487 701 1557 741 ab-

377 762 524 801 ducere

260 818 392 859 filiurn
424 830 542 859 tuum
573 834 596 859 a
627 818 869 859 Comoedia:
914 833 1010 857 nam
1043 818 1173 870 primo
1203 832 1319 857 vanae
1357 815 1537 857 Poetiees

259 877 399 916 vanior
449 877 658 930 progenies
709 887 798 925 est3
851 875 947 929 quid
1000 874 1133 915 rides?
1189 875 1428 915 octodecem
1480 888 1555 928 ego

378 935 600 974 rationibus

262 992 356 1031 Hoc
387 993 586 1044 evincam,
617 992 843 1046 Judicium.

839 1048 986 1097 Quid?
1028 1049 1192 1088 inanem
1224 1063 1305 1088 esse
1338 1046 1555 1088 Poeticen?

263 1107 377 1148 Caue
408 1106 566 1158 dixeris,
599 1107 724 1147 Fuce.

722 1165 814 1204 Hoc
846 1163 951 1216 dico,
982 1163 1202 1215 Iudicium,
1518 1183 1558 1213 30

259 1221 452 1262 Invtilem
484 1221 676 1262 Poeticen
709 1237 806 1273 esse,
839 1237 884 1262 ac
916 1233 1064 1274 praeter
1094 1221 1345 1274 voluptatem
1379 1219 1494 1272 nihil,

262 1279 378 1320 Nihil
415 1294 525 1330 sane,
562 1280 827 1332 suppeditare,
865 1294 942 1319 nec
983 1279 1208 1332 quidquam
1250 1278 1357 1318 aliud
1395 1289 1558 1331 poetam

375 1351 557 1390 quaerere

261 1395 351 1434 Nisi
389 1395 589 1434 lectorum
625 1395 784 1434 animos
818 1394 1034 1447 oblectare,
1071 1405 1110 1434 et
1151 1395 1230 1435 suis
1266 1394 1428 1449 ineptijs
1469 1408 1558 1433 cor-

379 1467 579 1505 rumpere.

261 1509 431 1563 AEdipol
464 1510 732 1560 multimodis,
765 1510 889 1563 Fuce,
921 1525 1033 1550 nunc
1065 1510 1188 1550 literis
1219 1525 1259 1550 es
1292 1510 1472 1550 iniurius.

1186 1568 1340 1622 [Intrat
1361 1567 1559 1619 Ingenium

263 1626 393 1678 Atqui
416 1640 561 1665 eccum
588 1624 822 1678 Ingenium.
885 1640 1084 1679 ponamus
1111 1626 1223 1666 hunc
1245 1627 1273 1665 si
1297 1625 1427 1678 placet
1455 1626 1559 1665 arbi-

378 1694 487 1722 trum
1519 1703 1557 1734 35

266 1740 407 1794 Digna
437 1741 486 1780 sit
518 1751 653 1780 vtrum
687 1739 850 1780 Poetice
881 1755 1012 1781 necne
1044 1742 1104 1781 his
1134 1741 1363 1796 calumnijs.

265 1798 355 1838 Irno
383 1812 477 1837 vero
507 1797 701 1850 ausculta,
726 1797 946 1839 Iudicium.
998 1799 1144 1838 merito
1171 1810 1210 1838 te
1239 1813 1397 1852 semper
1426 1799 1557 1839 amavi

379 1855 618 1908 plurimum,

264 1924 304 1953 et
332 1928 436 1964 vere,
458 1928 550 1953 vere
578 1928 673 1952 sane
702 1923 741 1953 et
769 1928 818 1953 ex
846 1914 999 1966 animo,
1028 1914 1243 1954 simulandi
1268 1915 1378 1954 enim
1401 1929 1559 1967 semper

263 1986 338 2025 ego
359 1972 508 2010 nescivi
530 1971 654 2021 viam,
673 1981 712 2011 et
730 1971 904 2025 indignis
926 1971 1144 2027 Ingenium
1161 1987 1318 2025 semper
1336 1987 1402 2012 me
1419 1972 1560 2012 habuit

378 2028 521 2080 modis,

264 2086 376 2138 adeo,
408 2087 438 2125 si
475 2086 640 2139 quando
675 2086 890 2127 aduersum
928 2087 982 2127 illi
1020 2086 1088 2140 fio,
1122 2089 1201 2128 risu
1238 2103 1305 2128 me
1345 2089 1482 2128 statim
1519 2099 1559 2129 et

377 2144 552 2199 dicterijs
580 2144 739 2197 accipit.
1519 2167 1562 2196 40

1374 2237 1464 2261 0—2
