1731 2360
146 141 208 174 10

138 253 175 292 F
174 269 226 294 uc.

142 830 231 871 Cor.

139 944 176 985 F
175 960 228 985 uc.

141 1118 176 1158 C
178 1133 230 1159 or.

140 1175 176 1216 F
175 1191 228 1217 uc.

139 1406 237 1447 Pru.

139 1464 176 1504 F
175 1480 228 1505 uc.

141 1522 230 1563 Cor.

140 1636 227 1677 Fuc.

139 1810 237 1851 Pru.

140 1925 177 1965 F
176 1941 228 1966 uc.

141 2041 239 2082 Pru.

142 2099 232 2140 Cor.

748 127 993 177 FUCUS
1260 135 1388 189 [AcT.
1418 149 1452 187 1,
1474 136 1537 177 sc.
1560 141 1605 177 ν

310 255 405 296 Au:
428 257 615 296 nondum
630 257 722 297 satis
735 259 955 311 (quantum
972 257 1108 311 video)
1125 258 1228 297 nosti
1246 258 1315 311 qui
1333 259 1392 298 vir
1413 259 1525 299 siem.
1563 278 1602 310 35

312 312 372 352 At
388 313 480 353 volo
502 324 542 354 te
565 314 774 366 imprimis,
791 314 973 366 Corneli,
992 329 1124 355 mores
1145 314 1322 355 addiscas
1338 330 1449 355 meos
1467 316 1602 369 probe.

312 368 517 411 Affectata
551 386 694 424 capero
732 373 909 412 frontem
946 372 1230 423 severitudine,
1265 387 1361 413 cave
1397 384 1510 414 tuam
1551 388 1603 413 ne

427 430 650 483 exporrige.

312 485 469 526 Siccine
499 486 642 538 saluto,
673 486 721 526 ad
753 487 929 527 eundem
962 487 1051 527 vide
1082 497 1127 527 tu
1158 487 1304 527 salutes
1337 488 1518 528 modum.

313 542 506 584 Subrideo
546 544 614 596 sic,
656 554 700 584 tu
743 559 794 585 ne
835 544 1051 585 cachinnes
1091 545 1167 585 nisi
1209 545 1310 584 forte
1352 545 1602 596 clanculum,

427 600 673 642 clanculum.

315 658 443 699 facete
458 673 569 699 nunc
583 659 748 699 advorte
764 660 949 699 animum
965 670 1084 700 tuum
1101 660 1150 700 ad
1164 661 1350 701 animum
1368 675 1521 702 meum.
1565 681 1607 711 40

1231 717 1338 773 [The
1358 719 1418 773 boy
1439 718 1604 759 imitates

311 773 419 827 Jube
440 788 552 814 nunc
574 775 623 814 sis
645 773 910 814 Prudentiam
933 774 1131 827 hospitam
1153 776 1202 816 ad
1225 791 1290 816 me
1312 786 1427 816 exeat
1449 776 1564 817 foras.

315 830 509 871 Faciam:
555 832 605 871 ha
643 833 692 871 ha
730 833 807 872 he:
853 832 1055 872 iterumne
1093 832 1196 873 illius
1230 833 1476 874 osculabitur
1512 849 1606 887 pru-

428 889 607 929 dentiam
639 889 904 929 clanculum?
1485 891 1606 946 [Exit

311 946 413 987 Sane
444 960 538 985 vero
569 947 618 986 ab
651 947 726 986 hoc
758 947 857 986 mihi
891 961 1014 999 puero
1045 948 1276 988 cauendum
1307 963 1388 989 esse
1418 949 1548 1002 video,

311 1004 412 1043 adeo
444 1004 564 1044 nimis
594 1014 748 1044 astutus
779 1015 838 1044 est
869 1005 1061 1056 carnifex,
1094 1005 1296 1059 nimisque
1328 1007 1547 1059 perspicax.

1087 1063 1241 1115 [Intrat
1265 1063 1354 1103 Cor.
1377 1079 1457 1103 cum
1478 1064 1604 1105 Prud.

312 1118 466 1159 Eccam
498 1134 622 1172 quam
653 1120 880 1159 accersebas
912 1119 1166 1174 (praeceptor)
1199 1119 1476 1162 Prudentiam.
1563 1140 1604 1172 45

311 1175 384 1218 Oh
422 1175 653 1228 Prudentia,
686 1192 758 1217 cur
788 1188 872 1217 tarn
907 1188 1070 1230 repente
1102 1179 1141 1218 in
1174 1178 1279 1219 aedes
1310 1189 1349 1219 te
1380 1179 1604 1232 corripuisti

429 1234 550 1274 modo
569 1233 581 1273 ?

312 1289 512 1332 Dicturus
552 1307 661 1331 eram
710 1293 781 1332 tibi
830 1293 988 1344 impura
1029 1292 1095 1333 illa
1135 1304 1175 1334 et
1218 1294 1342 1347 impia
1388 1309 1480 1348 quae
1524 1294 1604 1334 ruri

426 1350 595 1389 viderim
627 1364 756 1402 nuper
786 1349 950 1390 ludicra.

311 1405 366 1446 Et
376 1408 472 1460 quid
489 1407 657 1460 impedit
669 1408 872 1461 (magister
888 1407 1105 1461 Fuce)quo
1120 1409 1255 1449 minus
1270 1409 1349 1449 iam
1360 1409 1466 1450 dicas
1481 1409 1607 1450 mihi?

309 1463 461 1504 Dicam
493 1480 601 1505 sane.

600 1522 691 1562 Imo
723 1522 821 1573 noli,
854 1535 1094 1576 praeceptor,
1126 1525 1404 1564 contaminare
1436 1539 1478 1565 os
1512 1525 1583 1565 tibi

312 1579 543 1620 Istiusmodi
566 1595 767 1636 nugarum
789 1582 1193 1621 commemoratione.

1178 1654 1271 1679 sane
1303 1640 1449 1692 probus
1479 1654 1532 1692 es,
1566 1660 1606 1690 50

313 1694 496 1747 Corneli,
520 1696 665 1748 probus
692 1711 730 1736 es
762 1710 868 1748 sane,
896 1706 1074 1748 repetam
1101 1707 1239 1736 tamen
1264 1698 1354 1736 haec
1379 1697 1489 1751 quod
1512 1698 1606 1738 odio

427 1754 609 1805 habeam,
641 1768 724 1793 non
757 1754 866 1806 quod
897 1768 1044 1794 amem.

309 1810 401 1851 Imo
421 1812 622 1863 novimus,
650 1812 849 1851 novimus.
911 1812 977 1850 sed
998 1826 1138 1865 quaeso
1166 1812 1263 1865 quid
1285 1812 1356 1851 tibi
1384 1812 1604 1852 molestum

430 1870 608 1908 maxime
641 1868 746 1909 fuit?

311 1926 447 1966 Arbor
469 1926 535 1966 illa
554 1926 706 1967 scilicet
727 1941 820 1980 quae
852 1926 1005 1967 coelum
1028 1927 1158 1980 ipsum
1187 1941 1258 1967 suo
1287 1942 1390 1980 pene
1411 1928 1605 1982 pertingit

429 1984 589 2024 vertice.

314 2041 525 2088 Quaenam
559 2041 623 2082 illa
654 2053 696 2081 vt
727 2042 776 2081 sit
807 2041 955 2081 arbor?

923 2114 1070 2152 nempe
1101 2114 1223 2153 quam
1257 2114 1395 2140 mense
1426 2101 1520 2156 maij
