1731 2360
210 180 276 231 82

210 425 314 465 Com.

208 539 246 580 F
244 555 297 580 uc.

210 598 313 637 Com.

208 713 292 765 Ing.

208 771 294 811 Iud.

210 943 294 996 Ing.

213 1059 318 1098 Com.

211 1116 248 1156 F
247 1131 300 1156 uc.

210 1232 295 1284 Ing.

214 1289 319 1329 Com.

212 1347 297 1399 Ing.

216 1751 300 1791 Iud.

216 1866 303 1919 Ing.

218 1923 307 1963 Fue.

217 1981 302 2034 Ing.

815 178 1061 228 FUCUS
1330 185 1458 239 [Aer.
1483 196 1522 238 5,
1540 183 1603 226 Sc.
1629 189 1672 238 5εὶ

380 309 423 351 O
455 307 550 360 filia,
582 322 725 348 omnes
755 309 835 347 iam
866 308 1056 347 moeroris
1085 307 1264 361 absterge
1295 307 1486 360 maculas,

381 366 447 407 En
479 375 807 418 contemptorem
839 375 972 405 tuum.

1001 423 1069 462 Ah
1102 423 1157 462 mi
1190 423 1421 463 charissime
1451 423 1586 474 frater,

380 481 463 521 vin’
484 481 625 521 saltare
656 481 847 534 prinkum
870 481 1070 533 prankum
1093 479 1198 520 iam?
1228 481 1278 520 ah
1301 495 1423 534 quam
1445 477 1672 521 modestus!

380 538 454 579 Phi
482 539 565 592 phi.
617 538 713 592 quid
740 552 814 592 ego
840 552 952 577 nunc
978 552 1109 593 agam,
1131 552 1212 591 quo
1238 552 1305 578 me
1330 547 1501 589 vortam,
1523 538 1672 578 nescio.

377 596 460 636 vin’
483 595 694 649 paululum
716 595 851 635 Iacchi
873 594 1035 648 sapere?
1068 595 1254 648 nunquid
1271 609 1346 648 ego
1362 594 1458 647 dixi,
1476 605 1600 648 pater,
1632 615 1674 645 30

386 668 496 706 posse
528 653 644 693 illum
675 653 871 693 Iacchum
901 667 1050 705 sapere,
1077 651 1162 693 fieri
1193 653 1223 693 si
1255 653 1376 705 possit
1409 652 1675 694 clanculum?

383 712 579 752 Iacchum
612 712 662 750 ha
693 711 745 751 he
775 708 998 751 Iacchum!

1035 766 1152 808 Deus
1183 769 1302 819 bone,

383 826 491 874 Quis
522 841 605 866 non
637 841 686 866 ex
717 825 833 866 vultu
865 825 1044 865 crederet
1076 825 1191 865 illum
1228 826 1385 878 pietatis
1419 840 1500 866 esse
1537 840 1676 866 exem-

496 883 611 937 plum
642 882 840 923 vnicum?

387 941 579 994 Decipias
608 940 705 981 alios
736 941 865 980 verbis
897 940 1093 994 vultuque
1125 941 1315 994 benigno,

384 999 495 1039 Nam
527 999 627 1038 mihi
661 999 740 1038 iam
772 1009 894 1038 notus
925 997 1193 1038 dissimulator
1225 999 1312 1038 eris.
1635 1019 1674 1050 35

381 1056 463 1097 vin'
495 1071 625 1096 vnum
656 1055 840 1096 osculum
873 1057 1049 1096 nectarei
1082 1057 1230 1108 saporis
1260 1055 1426 1108 sapere?

382 1115 525 1168 Apage
557 1124 598 1154 te
633 1129 655 1154 a
691 1128 772 1166 me,
803 1113 1084 1154 adolescentiae
1123 1114 1365 1166 corruptrix,
1402 1115 1677 1168 contemptrix

498 1181 668 1225 pietatls.

386 1231 438 1270 ha
469 1231 520 1270 ha
550 1230 614 1270 he.

630 1301 714 1326 non
746 1286 986 1327 osculaberis
1016 1286 1157 1326 saltem
1189 1286 1455 1327 clanculum?

1456 1346 1507 1385 ha
1537 1346 1601 1386 he.

389 1402 506 1451 Quin
548 1412 593 1442 tu
635 1403 712 1441 hoc
754 1401 891 1454 populi
934 1401 1155 1442 ludibrium
1191 1403 1322 1454 mitte,
1355 1401 1591 1456 Comoedia,
1622 1404 1680 1444 ira

501 1460 717 1515 indignum
749 1470 818 1499 tua

388 1518 528 1572 Atque
558 1517 696 1557 oculos
733 1517 773 1556 in
810 1532 1002 1570 sponsum
1039 1517 1154 1557 flecte
1181 1517 1326 1570 potius.
1389 1517 1679 1572 Philomathes‚

502 1576 606 1615 hanc
637 1574 709 1614 tibi
742 1575 1020 1628 desponsatam
1051 1575 1121 1614 diu
1639 1597 1681 1627 40

387 1633 437 1674 In
469 1647 639 1673 manum
671 1633 743 1672 tibi
776 1632 839 1672 do.
901 1632 995 1673 deos
1025 1646 1175 1686 quaeso,
1207 1642 1251 1672 vt
1281 1632 1448 1686 pulchra
1480 1634 1600 1674 faciat
1639 1645 1680 1676 te

503 1690 614 1744 prole
645 1700 867 1743 parentem.

387 1749 448 1789 Vt
478 1749 550 1788 tibi
581 1758 700 1801 atque
733 1747 968 1788 Academiae
1007 1746 1273 1788 Comoediam
1307 1748 1523 1801 quotannis
1555 1750 1682 1803 pariat

389 1806 464 1847 Illa
494 1807 685 1860 vobisque
716 1805 893 1859 dignam.

910 1873 998 1903 tuas
1029 1862 1344 1916 benedictiones,
1377 1863 1500 1905 Fuce.

388 1922 453 1961 odi
487 1921 788 1961 benedictiones
818 1932 965 1961 vestras
995 1930 1115 1974 atque
1147 1921 1359 1960 abominor
1388 1935 1495 1962 sane.

396 1980 463 2019 Ha
493 1980 544 2019 ha
575 1979 638 2019 he.
700 1978 849 2018 nostin’
882 1993 976 2032 ergo
1007 1978 1264 2018 solummodo
1296 1978 1566 2019 maledicere?
1639 1999 1680 2031 45

1172 2036 1327 2089 [Intrat
1347 2035 1404 2075 hic
1417 2044 1516 2090 puer
1535 2037 1688 2091 Ingenij

393 2095 469 2136 Sed
496 2108 642 2134 eccum
670 2108 843 2148 puerum
865 2094 932 2147 qui
955 2093 1171 2134 Villanum
1193 2094 1412 2134 accersivit.
1474 2095 1571 2149 quid
1592 2110 1683 2148 por-

509 2161 580 2204 tas,
612 2150 741 2205 puer?
