1731 2360
164 152 190 205 5
200 155 232 187 0

161 267 252 308 Pla.

161 497 252 539 Phi.

163 728 253 769 Pla.

168 1305 271 1345 Hir.

171 1421 248 1463 Vil.

172 1767 274 1808 Hir.

175 1883 252 1925 Vil.

770 133 1016 183 FUCUS
1282 139 1411 193 [AcT.
1435 151 1475 193 3,
1497 138 1559 180 Sc.
1585 143 1627 190 5εὶ

839 275 908 303 aut
925 264 955 303 si
975 264 1065 302 haec
1083 262 1154 301 tibi
1172 261 1221 301 ad
1236 276 1404 302 manum
1423 276 1507 301 non
1523 261 1627 301 sient

334 325 470 376 accipe
503 322 669 363 bestiam
703 322 852 361 iniecto
883 320 982 360 lotio
1013 330 1054 360 et
1091 320 1154 359 dic
1184 333 1332 372 aquam
1371 317 1625 359 benedictam

450 396 531 421 esse
561 395 583 419 a
617 379 835 420 Comoedia
867 379 1029 417 missam
1060 376 1146 416 sibi.
1586 393 1624 426 37

334 439 470 479 Isthoc
500 438 622 478 verbo
653 436 903 487 absterrebis,
935 450 987 475 ne
1018 434 1188 474 dubites.

1050 491 1219 544 AEdipol
1243 491 1460 531 consilium
1482 490 1625 544 placet.

337 554 459 595 Proin
492 555 568 593 hoc
600 562 857 592 anteuortam
890 551 1034 603 primo,
1065 548 1174 602 quod
1206 550 1271 589 vbi
1304 547 1525 601 effecerim,

337 613 540 652 Actutum
583 611 663 650 huc
704 619 882 649 reuertar
922 618 965 648 vt
1001 606 1214 647 villanum
1255 617 1295 646 et
1337 605 1545 647 Balladam
1587 606 1628 646 in

451 669 621 724 gratiam
657 667 847 720 redigam.
1588 683 1630 713 40

338 727 416 767 Abi
446 738 485 767 et
517 740 592 780 ego
624 725 688 764 hic
718 735 835 764 tuum
866 738 988 777 prope
1011 721 1272 776 praestolabor
1300 721 1489 762 reditum.
1551 720 1630 761 At-

451 799 530 838 que
562 783 659 823 adeo

336 842 553 883 villanum
576 855 669 881 ecce
691 854 787 879 curn
811 838 994 879 Hirsuto.
1058 838 1128 878 hui
1150 851 1274 891 quam
1303 837 1435 890 prodit
1457 834 1626 878 misere!

336 914 437 954 quos
468 899 533 938 hic
565 898 771 939 exhibebit
804 894 938 937 iocos!
1000 895 1066 936 sed
1098 894 1258 935 tacendi
1290 905 1451 948 tempus
1480 904 1550 935 est.

730 1080 967 1126 SCAENA
1005 1080 1065 1125 6².

553 1195 742 1239 Villanus.
809 1195 1007 1236 Hirsutus.
1070 1195 1257 1236 Ballada.

343 1302 498 1357 Ergon’
522 1301 578 1341 illi
608 1315 730 1354 vsque
761 1300 965 1351 inseruies‚
987 1313 1140 1350 excors,
1167 1299 1281 1351 inops
1311 1299 1473 1351 mentis,
1496 1298 1630 1340 fatue?

341 1361 507 1401 tandem
539 1374 632 1412 quae
666 1369 724 1399 est
756 1357 934 1409 Ballada,
964 1367 1010 1397 tu
1042 1356 1096 1396 illi
1129 1367 1171 1396 vt
1204 1356 1457 1409 mancipium
1487 1355 1633 1398 fieres?

341 1418 449 1465 Quae
482 1417 653 1457 foemina
684 1430 767 1455 non
801 1415 1017 1454 miserescit
1048 1414 1222 1454 amantis
1472 1428 1565 1470 [tune

341 1477 433 1517 Nec
464 1476 498 1515 ei
533 1474 745 1527 respondet
778 1472 818 1512 in
850 1487 988 1512 amore
1018 1471 1249 1525 aliquando,
1397 1473 1431 1514 ‘I
1461 1482 1542 1515 loue
1570 1481 1635 1515 her

341 1534 381 1574 Is
412 1534 496 1574 iure
527 1542 691 1585 putetur
723 1530 830 1570 haud
861 1544 1000 1570 amans
1029 1529 1097 1570 sed
1128 1543 1268 1569 amens
1396 1525 1542 1573 ytloues
1557 1542 1635 1565 mee

345 1591 432 1638 Qui
465 1591 570 1630 hanc
601 1588 858 1629 meretricem
888 1602 928 1628 se
960 1587 1088 1640 perdit
1119 1586 1306 1627 amando.
1394 1592 1455 1637 {ny
1505 1581 1636 1615 humor

345 1649 455 1696 Quae
490 1647 546 1688 m’
568 1658 690 1698 amat,
723 1647 828 1686 hanc
858 1660 966 1696 amo,
994 1646 1048 1685 sic
1080 1645 1240 1685 animus
1270 1644 1359 1697 erit,
1393 1643 1421 1665 ¹⁵
1437 1631 1523 1666 such
1542 1627 1634 1670 &c.’]

343 1722 428 1747 non
459 1716 581 1758 amat,
613 1704 720 1745 haud
751 1718 858 1755 amo,
890 1717 965 1743 nec
997 1717 1094 1743 curo
1125 1703 1154 1743 si
1189 1702 1302 1755 perit.

346 1765 503 1816 Laudo,
536 1777 647 1803 nunc
679 1763 738 1802 vir
769 1776 821 1813 es,
855 1776 936 1800 non
969 1775 1129 1813 possum
1160 1760 1260 1814 quin
1292 1759 1520 1800 exclamem

345 1837 463 1876 euge,
495 1836 610 1874 euge,
643 1819 823 1871 Villane,
856 1818 998 1858 vicisti.
1600 1835 1639 1858 10

518 1877 636 1932 egon’
668 1877 813 1918 stultus
843 1886 886 1916 vt
916 1876 1080 1916 adorem
1427 1876 1519 1919 [tune

520 1937 693 1976 formam
725 1934 786 1975 vel
820 1933 951 1974 aetatis
981 1932 1151 1973 florem?
1294 1923 1496 1963 ‘Thisskest
1508 1925 1639 1971 Y‘IRm

1295 1979 1381 2013 such
1410 1991 1430 2012 a
1458 1978 1550 2012 foole
1583 1977 1639 2012 for

523 1994 664 2041 Quem
695 2007 805 2033 ames
836 1992 981 2045 dignus
1012 1991 1160 2042 videor,
1293 2036 1329 2063 to
1355 2027 1488 2062 mame
1508 2024 1601 2067 &c’]

524 2051 638 2099 Quid
671 2065 791 2104 negas
823 2063 919 2103 ergo
951 2049 1050 2088 mihi
1083 2047 1181 2089 cor?

636 2118 705 2149 aut
738 2108 826 2148 dico
858 2107 957 2148 vale.
1603 2122 1639 2154 15
