<?xml version="1.0" encoding="UTF-8"?>
<!DOCTYPE html PUBLIC "-//W3C//DTD XHTML 1.0 Transitional//EN"
    "http://www.w3.org/TR/xhtml1/DTD/xhtml1-transitional.dtd">
<html xmlns="http://www.w3.org/1999/xhtml" xml:lang="en" lang="en">
 <head>
  <title>
</title>
<meta http-equiv="Content-Type" content="text/html;charset=utf-8" />
  <meta name='ocr-system' content='tesseract 3.04.00' />
  <meta name='ocr-capabilities' content='ocr_page ocr_carea ocr_par ocr_line ocrx_word'/>
</head>
<body>
  <div class='ocr_page' id='page_1' title='image "./fucushistriomast00warduoft_0082.png"; bbox 0 0 1731 2360; ppageno 0'>
   <div class='ocr_carea' id='block_1_1' title="bbox 128 114 192 183">
    <p class='ocr_par' dir='ltr' id='par_1_1' title="bbox 128 114 192 183">
     <span class='ocr_line' id='line_1_1' title="bbox 128 114 192 183; baseline 0 -18"><span class='ocrx_word' id='word_1_1' title='bbox 128 114 192 183; x_wconf 85' lang='lat'>58</span> 
     </span>
    </p>
   </div>
   <div class='ocr_carea' id='block_1_2' title="bbox 124 241 213 339">
    <p class='ocr_par' dir='ltr' id='par_1_2' title="bbox 124 241 213 339">
     <span class='ocr_line' id='line_1_2' title="bbox 124 241 210 293; baseline 0.012 -13"><span class='ocrx_word' id='word_1_2' title='bbox 124 241 210 293; x_wconf 85' lang='lat' dir='ltr'><strong><em>Ign.</em></strong></span> 
     </span>
     <span class='ocr_line' id='line_1_3' title="bbox 125 298 213 339; baseline 0.011 -1"><span class='ocrx_word' id='word_1_3' title='bbox 125 298 213 339; x_wconf 86' lang='lat' dir='ltr'><em>Fuc.</em></span> 
     </span>
    </p>
   </div>
   <div class='ocr_carea' id='block_1_3' title="bbox 123 356 208 408">
    <p class='ocr_par' dir='ltr' id='par_1_3' title="bbox 123 356 208 408">
     <span class='ocr_line' id='line_1_4' title="bbox 123 356 208 408; baseline 0 -13"><span class='ocrx_word' id='word_1_4' title='bbox 123 356 148 395; x_wconf 94' lang='lat' dir='ltr'><em>I</em></span> <span class='ocrx_word' id='word_1_5' title='bbox 143 371 208 408; x_wconf 84' lang='lat' dir='ltr'>gn</span> 
     </span>
    </p>
   </div>
   <div class='ocr_carea' id='block_1_4' title="bbox 125 413 213 453">
    <p class='ocr_par' dir='ltr' id='par_1_4' title="bbox 125 413 213 453">
     <span class='ocr_line' id='line_1_5' title="bbox 125 413 213 453; baseline 0 0"><span class='ocrx_word' id='word_1_6' title='bbox 125 413 162 453; x_wconf 92' lang='lat' dir='ltr'><em>F</em></span> <span class='ocrx_word' id='word_1_7' title='bbox 161 429 213 453; x_wconf 86' lang='lat' dir='ltr'>uc.</span> 
     </span>
    </p>
   </div>
   <div class='ocr_carea' id='block_1_5' title="bbox 124 471 209 523">
    <p class='ocr_par' dir='ltr' id='par_1_5' title="bbox 124 471 209 523">
     <span class='ocr_line' id='line_1_6' title="bbox 124 471 209 523; baseline 0 -13"><span class='ocrx_word' id='word_1_8' title='bbox 124 471 149 510; x_wconf 91' lang='lat' dir='ltr'><em>I</em></span> <span class='ocrx_word' id='word_1_9' title='bbox 143 485 209 523; x_wconf 85' lang='lat' dir='ltr'>gn</span> 
     </span>
    </p>
   </div>
   <div class='ocr_carea' id='block_1_6' title="bbox 125 527 214 569">
    <p class='ocr_par' dir='ltr' id='par_1_6' title="bbox 125 527 214 569">
     <span class='ocr_line' id='line_1_7' title="bbox 125 527 214 569; baseline 0.022 -2"><span class='ocrx_word' id='word_1_10' title='bbox 125 527 162 567; x_wconf 87' lang='lat' dir='ltr'><em>F</em></span> <span class='ocrx_word' id='word_1_11' title='bbox 161 544 214 569; x_wconf 87' lang='lat' dir='ltr'>uc.</span> 
     </span>
    </p>
   </div>
   <div class='ocr_carea' id='block_1_7' title="bbox 124 1050 210 1103">
    <p class='ocr_par' dir='ltr' id='par_1_7' title="bbox 124 1050 210 1103">
     <span class='ocr_line' id='line_1_8' title="bbox 124 1050 210 1103; baseline 0.012 -14"><span class='ocrx_word' id='word_1_12' title='bbox 124 1050 210 1103; x_wconf 85' lang='lat' dir='ltr'><em>Ign.</em></span> 
     </span>
    </p>
   </div>
   <div class='ocr_carea' id='block_1_8' title="bbox 124 1223 214 1494">
    <p class='ocr_par' dir='ltr' id='par_1_8' title="bbox 124 1223 214 1494">
     <span class='ocr_line' id='line_1_9' title="bbox 125 1223 214 1264; baseline 0.011 -1"><span class='ocrx_word' id='word_1_13' title='bbox 125 1223 162 1263; x_wconf 88' lang='lat' dir='ltr'><em>F</em></span> <span class='ocrx_word' id='word_1_14' title='bbox 161 1239 214 1264; x_wconf 89' lang='lat' dir='ltr'>uc.</span> 
     </span>
     <span class='ocr_line' id='line_1_10' title="bbox 124 1281 211 1335; baseline 0.023 -14"><span class='ocrx_word' id='word_1_15' title='bbox 124 1281 211 1335; x_wconf 84' lang='lat' dir='ltr'><em>Ign.</em></span> 
     </span>
     <span class='ocr_line' id='line_1_11' title="bbox 125 1454 214 1494; baseline 0 0"><span class='ocrx_word' id='word_1_16' title='bbox 125 1454 162 1494; x_wconf 88' lang='lat' dir='ltr'><em>F</em></span> <span class='ocrx_word' id='word_1_17' title='bbox 161 1470 214 1494; x_wconf 86' lang='lat' dir='ltr'>uc.</span> 
     </span>
    </p>
   </div>
   <div class='ocr_carea' id='block_1_9' title="bbox 125 1570 213 1668">
    <p class='ocr_par' dir='ltr' id='par_1_9' title="bbox 125 1570 213 1668">
     <span class='ocr_line' id='line_1_12' title="bbox 125 1570 209 1622; baseline 0.012 -13"><span class='ocrx_word' id='word_1_18' title='bbox 125 1570 149 1609; x_wconf 93' lang='lat' dir='ltr'><em>I</em></span> <span class='ocrx_word' id='word_1_19' title='bbox 144 1584 209 1622; x_wconf 83' lang='lat' dir='ltr'>gn.</span> 
     </span>
     <span class='ocr_line' id='line_1_13' title="bbox 125 1628 213 1668; baseline 0 0"><span class='ocrx_word' id='word_1_20' title='bbox 125 1628 162 1668; x_wconf 89' lang='lat' dir='ltr'><em>F</em></span> <span class='ocrx_word' id='word_1_21' title='bbox 161 1643 213 1668; x_wconf 86' lang='lat' dir='ltr'>uc.</span> 
     </span>
    </p>
   </div>
   <div class='ocr_carea' id='block_1_10' title="bbox 125 1744 213 1900">
    <p class='ocr_par' dir='ltr' id='par_1_10' title="bbox 125 1744 213 1900">
     <span class='ocr_line' id='line_1_14' title="bbox 125 1744 209 1797; baseline 0.024 -15"><span class='ocrx_word' id='word_1_22' title='bbox 125 1744 209 1797; x_wconf 83' lang='lat' dir='ltr'><strong><em>Ign.</em></strong></span> 
     </span>
     <span class='ocr_line' id='line_1_15' title="bbox 125 1859 213 1900; baseline 0.023 -2"><span class='ocrx_word' id='word_1_23' title='bbox 125 1859 213 1900; x_wconf 88' lang='lat' dir='ltr'>Fuc.</span> 
     </span>
    </p>
   </div>
   <div class='ocr_carea' id='block_1_11' title="bbox 733 116 1590 178">
    <p class='ocr_par' dir='ltr' id='par_1_11' title="bbox 733 116 1590 178">
     <span class='ocr_line' id='line_1_16' title="bbox 733 116 1590 178; baseline 0 -13"><span class='ocrx_word' id='word_1_24' title='bbox 733 116 979 166; x_wconf 86' lang='lat' dir='ltr'>FUCUS</span> <span class='ocrx_word' id='word_1_25' title='bbox 1248 125 1375 178; x_wconf 80' lang='lat' dir='ltr'><strong>[ACT.</strong></span> <span class='ocrx_word' id='word_1_26' title='bbox 1398 138 1438 177; x_wconf 92' lang='lat'>4,</span> <span class='ocrx_word' id='word_1_27' title='bbox 1461 124 1522 165; x_wconf 90' lang='lat' dir='ltr'>Sc.</span> <span class='ocrx_word' id='word_1_28' title='bbox 1550 128 1590 164; x_wconf 79' lang='lat'>1⁹·</span> 
     </span>
    </p>
   </div>
   <div class='ocr_carea' id='block_1_12' title="bbox 294 242 1592 1217">
    <p class='ocr_par' dir='ltr' id='par_1_12' title="bbox 294 242 1590 467">
     <span class='ocr_line' id='line_1_17' title="bbox 299 242 1590 297; baseline 0.003 -15"><span class='ocrx_word' id='word_1_29' title='bbox 299 242 414 289; x_wconf 88' lang='lat' dir='ltr'><strong>Quid</strong></span> <span class='ocrx_word' id='word_1_30' title='bbox 446 258 541 297; x_wconf 86' lang='lat' dir='ltr'>ergo</span> <span class='ocrx_word' id='word_1_31' title='bbox 572 258 638 283; x_wconf 90' lang='lat' dir='ltr'>me</span> <span class='ocrx_word' id='word_1_32' title='bbox 669 242 798 283; x_wconf 88' lang='lat' dir='ltr'>celare</span> <span class='ocrx_word' id='word_1_33' title='bbox 827 243 975 295; x_wconf 86' lang='lat' dir='ltr'>studes,</span> <span class='ocrx_word' id='word_1_34' title='bbox 1007 258 1082 283; x_wconf 91' lang='lat' dir='ltr'>nec</span> <span class='ocrx_word' id='word_1_35' title='bbox 1114 244 1238 284; x_wconf 83' lang='lat' dir='ltr'>semel</span> <span class='ocrx_word' id='word_1_36' title='bbox 1269 245 1484 286; x_wconf 84' lang='lat' dir='ltr'>edisseras?</span> <span class='ocrx_word' id='word_1_37' title='bbox 1547 265 1590 286; x_wconf 83' lang='lat'>20</span> 
     </span>
     <span class='ocr_line' id='line_1_18' title="bbox 295 300 1505 342; baseline 0.002 -2"><span class='ocrx_word' id='word_1_38' title='bbox 295 300 508 341; x_wconf 88' lang='lat' dir='ltr'>Ausculta.</span> <span class='ocrx_word' id='word_1_39' title='bbox 571 301 705 340; x_wconf 78' lang='lat' dir='ltr'>nostin</span> <span class='ocrx_word' id='word_1_40' title='bbox 739 301 872 340; x_wconf 89' lang='lat' dir='ltr'>forsan</span> <span class='ocrx_word' id='word_1_41' title='bbox 905 300 1107 340; x_wconf 90' lang='lat' dir='ltr'>Invidiam</span> <span class='ocrx_word' id='word_1_42' title='bbox 1139 312 1178 341; x_wconf 89' lang='lat' dir='ltr'>et</span> <span class='ocrx_word' id='word_1_43' title='bbox 1210 301 1505 342; x_wconf 86' lang='lat' dir='ltr'>Calumniam?</span> 
     </span>
     <span class='ocr_line' id='line_1_19' title="bbox 297 355 1422 412; baseline 0.002 -15"><span class='ocrx_word' id='word_1_44' title='bbox 297 355 466 398; x_wconf 87' lang='lat' dir='ltr'>Duasne</span> <span class='ocrx_word' id='word_1_45' title='bbox 498 357 581 397; x_wconf 84' lang='lat' dir='ltr'>illas</span> <span class='ocrx_word' id='word_1_46' title='bbox 612 357 822 410; x_wconf 82' lang='lat' dir='ltr'>veneficas,</span> <span class='ocrx_word' id='word_1_47' title='bbox 854 373 1006 412; x_wconf 78' lang='lat' dir='ltr'>quaeSO,</span> <span class='ocrx_word' id='word_1_48' title='bbox 1038 358 1211 412; x_wconf 85' lang='lat' dir='ltr'>Ingenio</span> <span class='ocrx_word' id='word_1_49' title='bbox 1242 359 1422 400; x_wconf 85' lang='lat' dir='ltr'>vicinas?</span> 
     </span>
     <span class='ocr_line' id='line_1_20' title="bbox 294 414 524 467; baseline 0.004 -13"><span class='ocrx_word' id='word_1_50' title='bbox 294 414 524 467; x_wconf 88' lang='lat' dir='ltr'>Ipsissimas.</span> 
     </span>
    </p>

    <p class='ocr_par' dir='ltr' id='par_1_13' title="bbox 295 472 1589 814">
     <span class='ocr_line' id='line_1_21' title="bbox 402 472 1589 527; baseline 0.002 -15"><span class='ocrx_word' id='word_1_51' title='bbox 402 472 544 519; x_wconf 89' lang='lat' dir='ltr'>Quam</span> <span class='ocrx_word' id='word_1_52' title='bbox 566 474 692 526; x_wconf 86' lang='lat' dir='ltr'>gestio</span> <span class='ocrx_word' id='word_1_53' title='bbox 713 473 810 527; x_wconf 91' lang='lat' dir='ltr'>quid</span> <span class='ocrx_word' id='word_1_54' title='bbox 833 488 929 513; x_wconf 91' lang='lat' dir='ltr'>cum</span> <span class='ocrx_word' id='word_1_55' title='bbox 952 473 1026 514; x_wconf 88' lang='lat' dir='ltr'>illis</span> <span class='ocrx_word' id='word_1_56' title='bbox 1047 474 1227 514; x_wconf 89' lang='lat' dir='ltr'>facturus</span> <span class='ocrx_word' id='word_1_57' title='bbox 1248 489 1288 514; x_wconf 91' lang='lat' dir='ltr'>es</span> <span class='ocrx_word' id='word_1_58' title='bbox 1309 489 1561 527; x_wconf 87' lang='lat' dir='ltr'>praenoscere</span> <span class='ocrx_word' id='word_1_59' title='bbox 1579 472 1589 515; x_wconf 73' lang='lat' dir='ltr'>I</span> 
     </span>
     <span class='ocr_line' id='line_1_22' title="bbox 295 529 1586 584; baseline 0.002 -15"><span class='ocrx_word' id='word_1_60' title='bbox 295 529 457 584; x_wconf 85' lang='lat' dir='ltr'>Magna</span> <span class='ocrx_word' id='word_1_61' title='bbox 488 531 587 570; x_wconf 91' lang='lat' dir='ltr'>mihi</span> <span class='ocrx_word' id='word_1_62' title='bbox 620 546 716 571; x_wconf 89' lang='lat' dir='ltr'>curn</span> <span class='ocrx_word' id='word_1_63' title='bbox 749 530 823 570; x_wconf 89' lang='lat' dir='ltr'>illis</span> <span class='ocrx_word' id='word_1_64' title='bbox 853 546 877 571; x_wconf 90' lang='lat' dir='ltr'>a</span> <span class='ocrx_word' id='word_1_65' title='bbox 907 546 1032 584; x_wconf 88' lang='lat' dir='ltr'>puero</span> <span class='ocrx_word' id='word_1_66' title='bbox 1064 531 1286 572; x_wconf 87' lang='lat' dir='ltr'>intercessit</span> <span class='ocrx_word' id='word_1_67' title='bbox 1325 531 1586 572; x_wconf 84' lang='lat' dir='ltr'>familiaritas.</span> 
     </span>
     <span class='ocr_line' id='line_1_23' title="bbox 298 586 1588 644; baseline 0.002 -16"><span class='ocrx_word' id='word_1_68' title='bbox 298 586 419 640; x_wconf 90' lang='lat' dir='ltr'>Opus</span> <span class='ocrx_word' id='word_1_69' title='bbox 449 588 609 628; x_wconf 90' lang='lat' dir='ltr'>nullum</span> <span class='ocrx_word' id='word_1_70' title='bbox 641 588 849 644; x_wconf 81' lang='lat' dir='ltr'>aggredior</span> <span class='ocrx_word' id='word_1_71' title='bbox 879 589 953 628; x_wconf 91' lang='lat' dir='ltr'>nisi</span> <span class='ocrx_word' id='word_1_72' title='bbox 986 589 1046 629; x_wconf 92' lang='lat' dir='ltr'>his</span> <span class='ocrx_word' id='word_1_73' title='bbox 1076 588 1270 629; x_wconf 89' lang='lat' dir='ltr'>consultis</span> <span class='ocrx_word' id='word_1_74' title='bbox 1301 590 1421 642; x_wconf 88' lang='lat' dir='ltr'>prius.</span> <span class='ocrx_word' id='word_1_75' title='bbox 1547 609 1588 639; x_wconf 84' lang='lat'>25</span> 
     </span>
     <span class='ocr_line' id='line_1_24' title="bbox 297 645 1389 701; baseline 0.003 -17"><span class='ocrx_word' id='word_1_76' title='bbox 297 645 367 684; x_wconf 90' lang='lat' dir='ltr'>has</span> <span class='ocrx_word' id='word_1_77' title='bbox 398 645 497 685; x_wconf 90' lang='lat' dir='ltr'>mihi</span> <span class='ocrx_word' id='word_1_78' title='bbox 530 646 694 686; x_wconf 87' lang='lat' dir='ltr'>intimas</span> <span class='ocrx_word' id='word_1_79' title='bbox 725 647 823 686; x_wconf 90' lang='lat' dir='ltr'>meis</span> <span class='ocrx_word' id='word_1_80' title='bbox 854 645 1031 701; x_wconf 87' lang='lat' dir='ltr'>consilijs</span> <span class='ocrx_word' id='word_1_81' title='bbox 1059 661 1216 700; x_wconf 87' lang='lat' dir='ltr'>semper</span> <span class='ocrx_word' id='word_1_82' title='bbox 1247 647 1389 699; x_wconf 90' lang='lat' dir='ltr'>habeo,</span> 
     </span>
     <span class='ocr_line' id='line_1_25' title="bbox 298 702 1504 758; baseline 0.002 -15"><span class='ocrx_word' id='word_1_83' title='bbox 298 702 506 756; x_wconf 89' lang='lat' dir='ltr'>Siquidem</span> <span class='ocrx_word' id='word_1_84' title='bbox 536 704 566 743; x_wconf 93' lang='lat' dir='ltr'>si</span> <span class='ocrx_word' id='word_1_85' title='bbox 597 704 760 757; x_wconf 87' lang='lat' dir='ltr'>quando</span> <span class='ocrx_word' id='word_1_86' title='bbox 791 704 893 744; x_wconf 89' lang='lat' dir='ltr'>vires</span> <span class='ocrx_word' id='word_1_87' title='bbox 923 718 989 744; x_wconf 89' lang='lat' dir='ltr'>me</span> <span class='ocrx_word' id='word_1_88' title='bbox 1020 703 1224 756; x_wconf 86' lang='lat' dir='ltr'>deficiant,</span> <span class='ocrx_word' id='word_1_89' title='bbox 1254 719 1336 758; x_wconf 92' lang='lat' dir='ltr'>quo</span> <span class='ocrx_word' id='word_1_90' title='bbox 1368 705 1504 745; x_wconf 88' lang='lat' dir='ltr'>minus</span> 
     </span>
     <span class='ocr_line' id='line_1_26' title="bbox 299 759 957 814; baseline 0.003 -14"><span class='ocrx_word' id='word_1_91' title='bbox 299 759 425 807; x_wconf 90' lang='lat' dir='ltr'>Quod</span> <span class='ocrx_word' id='word_1_92' title='bbox 456 761 577 813; x_wconf 88' lang='lat' dir='ltr'>cupio</span> <span class='ocrx_word' id='word_1_93' title='bbox 607 776 755 814; x_wconf 89' lang='lat' dir='ltr'>queam</span> <span class='ocrx_word' id='word_1_94' title='bbox 787 761 957 814; x_wconf 87' lang='lat' dir='ltr'>efficere,</span> 
     </span>
    </p>

    <p class='ocr_par' dir='ltr' id='par_1_14' title="bbox 297 818 1591 989">
     <span class='ocr_line' id='line_1_27' title="bbox 298 818 1492 872; baseline 0.001 -14"><span class='ocrx_word' id='word_1_95' title='bbox 298 818 364 858; x_wconf 90' lang='lat' dir='ltr'>Ad</span> <span class='ocrx_word' id='word_1_96' title='bbox 396 818 598 858; x_wconf 90' lang='lat' dir='ltr'>Invidiam</span> <span class='ocrx_word' id='word_1_97' title='bbox 629 830 669 859; x_wconf 89' lang='lat' dir='ltr'>et</span> <span class='ocrx_word' id='word_1_98' title='bbox 702 818 966 860; x_wconf 88' lang='lat' dir='ltr'>Calumniam</span> <span class='ocrx_word' id='word_1_99' title='bbox 999 833 1065 858; x_wconf 91' lang='lat' dir='ltr'>me</span> <span class='ocrx_word' id='word_1_100' title='bbox 1097 820 1246 872; x_wconf 88' lang='lat' dir='ltr'>recipio</span> <span class='ocrx_word' id='word_1_101' title='bbox 1278 830 1492 872; x_wconf 88' lang='lat' dir='ltr'>protenam</span> 
     </span>
     <span class='ocr_line' id='line_1_28' title="bbox 298 875 1591 928; baseline 0.002 -12"><span class='ocrx_word' id='word_1_102' title='bbox 298 875 409 923; x_wconf 87' lang='lat' dir='ltr'>Quae</span> <span class='ocrx_word' id='word_1_103' title='bbox 443 891 509 917; x_wconf 91' lang='lat' dir='ltr'>me</span> <span class='ocrx_word' id='word_1_104' title='bbox 538 876 723 916; x_wconf 90' lang='lat' dir='ltr'>adiutant</span> <span class='ocrx_word' id='word_1_105' title='bbox 753 887 944 926; x_wconf 83' lang='lat' dir='ltr'>strenue3</span> <span class='ocrx_word' id='word_1_106' title='bbox 1550 896 1591 928; x_wconf 85' lang='lat'>30</span> 
     </span>
     <span class='ocr_line' id='line_1_29' title="bbox 297 933 1458 989; baseline 0.001 -15"><span class='ocrx_word' id='word_1_107' title='bbox 297 933 343 974; x_wconf 91' lang='lat' dir='ltr'>Id</span> <span class='ocrx_word' id='word_1_108' title='bbox 374 934 483 987; x_wconf 91' lang='lat' dir='ltr'>quod</span> <span class='ocrx_word' id='word_1_109' title='bbox 516 934 748 974; x_wconf 88' lang='lat' dir='ltr'>factitamus</span> <span class='ocrx_word' id='word_1_110' title='bbox 778 948 920 974; x_wconf 86' lang='lat' dir='ltr'>omnes</span> <span class='ocrx_word' id='word_1_111' title='bbox 949 934 1018 988; x_wconf 91' lang='lat' dir='ltr'>qui</span> <span class='ocrx_word' id='word_1_112' title='bbox 1051 948 1177 986; x_wconf 87' lang='lat' dir='ltr'>pauca.</span> <span class='ocrx_word' id='word_1_113' title='bbox 1209 935 1249 974; x_wconf 91' lang='lat' dir='ltr'>in</span> <span class='ocrx_word' id='word_1_114' title='bbox 1280 934 1458 989; x_wconf 87' lang='lat' dir='ltr'>publico,</span> 
     </span>
    </p>

    <p class='ocr_par' dir='ltr' id='par_1_15' title="bbox 298 991 1109 1032">
     <span class='ocr_line' id='line_1_30' title="bbox 298 991 1109 1032; baseline 0.001 -1"><span class='ocrx_word' id='word_1_115' title='bbox 298 992 358 1031; x_wconf 82' lang='lat' dir='ltr'>At</span> <span class='ocrx_word' id='word_1_116' title='bbox 390 991 489 1031; x_wconf 88' lang='lat' dir='ltr'>nihil</span> <span class='ocrx_word' id='word_1_117' title='bbox 522 1006 605 1031; x_wconf 88' lang='lat' dir='ltr'>non</span> <span class='ocrx_word' id='word_1_118' title='bbox 639 991 832 1032; x_wconf 90' lang='lat' dir='ltr'>molimur</span> <span class='ocrx_word' id='word_1_119' title='bbox 861 991 1109 1032; x_wconf 88' lang='lat' dir='ltr'>clanculum.</span> 
     </span>
    </p>

    <p class='ocr_par' dir='ltr' id='par_1_16' title="bbox 299 1048 1592 1102">
     <span class='ocr_line' id='line_1_31' title="bbox 299 1048 1592 1102; baseline 0.002 -14"><span class='ocrx_word' id='word_1_120' title='bbox 299 1048 400 1096; x_wconf 89' lang='lat' dir='ltr'>Quo</span> <span class='ocrx_word' id='word_1_121' title='bbox 450 1049 580 1089; x_wconf 91' lang='lat' dir='ltr'>tendis</span> <span class='ocrx_word' id='word_1_122' title='bbox 631 1050 758 1089; x_wconf 89' lang='lat' dir='ltr'>ferme</span> <span class='ocrx_word' id='word_1_123' title='bbox 802 1050 944 1089; x_wconf 90' lang='lat' dir='ltr'>sentio.</span> <span class='ocrx_word' id='word_1_124' title='bbox 1022 1064 1170 1102; x_wconf 89' lang='lat' dir='ltr'>nempe</span> <span class='ocrx_word' id='word_1_125' title='bbox 1216 1060 1263 1089; x_wconf 90' lang='lat' dir='ltr'>tu</span> <span class='ocrx_word' id='word_1_126' title='bbox 1308 1050 1369 1089; x_wconf 91' lang='lat' dir='ltr'>his</span> <span class='ocrx_word' id='word_1_127' title='bbox 1413 1059 1592 1090; x_wconf 89' lang='lat' dir='ltr'>armatus</span> 
     </span>
    </p>

    <p class='ocr_par' dir='ltr' id='par_1_17' title="bbox 298 1105 1331 1217">
     <span class='ocr_line' id='line_1_32' title="bbox 413 1105 676 1148; baseline -0.011 0"><span class='ocrx_word' id='word_1_128' title='bbox 413 1105 676 1148; x_wconf 88' lang='lat' dir='ltr'>Comoediam</span> 
     </span>
     <span class='ocr_line' id='line_1_33' title="bbox 298 1163 1331 1217; baseline 0 -13"><span class='ocrx_word' id='word_1_129' title='bbox 298 1163 505 1205; x_wconf 87' lang='lat' dir='ltr'>Adorieris</span> <span class='ocrx_word' id='word_1_130' title='bbox 536 1165 773 1217; x_wconf 87' lang='lat' dir='ltr'>imparatam</span> <span class='ocrx_word' id='word_1_131' title='bbox 806 1174 847 1204; x_wconf 90' lang='lat' dir='ltr'>et</span> <span class='ocrx_word' id='word_1_132' title='bbox 878 1165 1126 1205; x_wconf 87' lang='lat' dir='ltr'>excruciabis</span> <span class='ocrx_word' id='word_1_133' title='bbox 1157 1163 1331 1205; x_wconf 88' lang='lat' dir='ltr'>misere?</span> 
     </span>
    </p>
   </div>
   <div class='ocr_carea' id='block_1_13' title="bbox 296 1223 446 1263">
    <p class='ocr_par' dir='ltr' id='par_1_18' title="bbox 296 1223 446 1263">
     <span class='ocr_line' id='line_1_34' title="bbox 296 1223 446 1263; baseline 0 0"><span class='ocrx_word' id='word_1_134' title='bbox 296 1223 446 1263; x_wconf 89' lang='lat' dir='ltr'>Habes.</span> 
     </span>
    </p>
   </div>
   <div class='ocr_carea' id='block_1_14' title="bbox 303 1279 1589 1449">
    <p class='ocr_par' dir='ltr' id='par_1_19' title="bbox 303 1279 1589 1449">
     <span class='ocr_line' id='line_1_35' title="bbox 473 1279 1588 1333; baseline -0.003 -13"><span class='ocrx_word' id='word_1_135' title='bbox 473 1280 557 1333; x_wconf 87' lang='lat' dir='ltr'>Ah,</span> <span class='ocrx_word' id='word_1_136' title='bbox 590 1280 701 1321; x_wconf 87' lang='lat' dir='ltr'>Fuce</span> <span class='ocrx_word' id='word_1_137' title='bbox 733 1280 789 1320; x_wconf 90' lang='lat' dir='ltr'>mi</span> <span class='ocrx_word' id='word_1_138' title='bbox 821 1279 1063 1331; x_wconf 88' lang='lat' dir='ltr'>dulcissime,</span> <span class='ocrx_word' id='word_1_139' title='bbox 1549 1300 1588 1332; x_wconf 84' lang='lat'>35</span> 
     </span>
     <span class='ocr_line' id='line_1_36' title="bbox 303 1337 1589 1392; baseline 0 -14"><span class='ocrx_word' id='word_1_140' title='bbox 303 1338 445 1386; x_wconf 89' lang='lat' dir='ltr'>Quam</span> <span class='ocrx_word' id='word_1_141' title='bbox 476 1353 552 1392; x_wconf 84' lang='lat' dir='ltr'>ego</span> <span class='ocrx_word' id='word_1_142' title='bbox 582 1348 622 1378; x_wconf 92' lang='lat' dir='ltr'>te</span> <span class='ocrx_word' id='word_1_143' title='bbox 654 1338 727 1378; x_wconf 89' lang='lat' dir='ltr'>nisi</span> <span class='ocrx_word' id='word_1_144' title='bbox 754 1352 901 1391; x_wconf 91' lang='lat' dir='ltr'>aquarn</span> <span class='ocrx_word' id='word_1_145' title='bbox 932 1338 1187 1378; x_wconf 89' lang='lat' dir='ltr'>benedictam</span> <span class='ocrx_word' id='word_1_146' title='bbox 1216 1337 1342 1379; x_wconf 83' lang='lat' dir='ltr'>oleres</span> <span class='ocrx_word' id='word_1_147' title='bbox 1369 1337 1589 1379; x_wconf 89' lang='lat' dir='ltr'>deosculari</span> 
     </span>
     <span class='ocr_line' id='line_1_37' title="bbox 413 1394 600 1449; baseline 0 -14"><span class='ocrx_word' id='word_1_148' title='bbox 413 1410 570 1449; x_wconf 89' lang='lat' dir='ltr'>possem</span> <span class='ocrx_word' id='word_1_149' title='bbox 593 1394 600 1436; x_wconf 91' lang='lat'>!</span> 
     </span>
    </p>
   </div>
   <div class='ocr_carea' id='block_1_15' title="bbox 294 1452 1594 2142">
    <p class='ocr_par' dir='ltr' id='par_1_20' title="bbox 295 1452 1589 1565">
     <span class='ocr_line' id='line_1_38' title="bbox 295 1452 1589 1508; baseline 0 -14"><span class='ocrx_word' id='word_1_150' title='bbox 295 1453 451 1495; x_wconf 87' lang='lat' dir='ltr'>Iterum</span> <span class='ocrx_word' id='word_1_151' title='bbox 490 1452 646 1493; x_wconf 87' lang='lat' dir='ltr'>etiam?</span> <span class='ocrx_word' id='word_1_152' title='bbox 685 1468 810 1508; x_wconf 86' lang='lat' dir='ltr'>apage</span> <span class='ocrx_word' id='word_1_153' title='bbox 846 1454 933 1493; x_wconf 88' lang='lat' dir='ltr'>haec</span> <span class='ocrx_word' id='word_1_154' title='bbox 966 1452 1256 1506; x_wconf 86' lang='lat' dir='ltr'>blandimenta,</span> <span class='ocrx_word' id='word_1_155' title='bbox 1288 1464 1328 1494; x_wconf 93' lang='lat' dir='ltr'>et</span> <span class='ocrx_word' id='word_1_156' title='bbox 1358 1453 1465 1508; x_wconf 91' lang='lat' dir='ltr'>quod</span> <span class='ocrx_word' id='word_1_157' title='bbox 1499 1453 1589 1494; x_wconf 87' lang='lat' dir='ltr'>reli-</span> 
     </span>
     <span class='ocr_line' id='line_1_39' title="bbox 412 1511 825 1565; baseline -0.003 -14"><span class='ocrx_word' id='word_1_158' title='bbox 412 1526 540 1565; x_wconf 89' lang='lat' dir='ltr'>quum</span> <span class='ocrx_word' id='word_1_159' title='bbox 573 1521 630 1551; x_wconf 88' lang='lat' dir='ltr'>est</span> <span class='ocrx_word' id='word_1_160' title='bbox 662 1511 825 1551; x_wconf 89' lang='lat' dir='ltr'>imbibe.</span> 
     </span>
    </p>

    <p class='ocr_par' dir='ltr' id='par_1_21' title="bbox 299 1568 1530 1634">
     <span class='ocr_line' id='line_1_40' title="bbox 299 1568 1530 1634; baseline -0.001 -25"><span class='ocrx_word' id='word_1_161' title='bbox 299 1568 493 1609; x_wconf 88' lang='lat' dir='ltr'>Etiamne</span> <span class='ocrx_word' id='word_1_162' title='bbox 525 1569 728 1622; x_wconf 90' lang='lat' dir='ltr'>reliquum</span> <span class='ocrx_word' id='word_1_163' title='bbox 760 1579 818 1608; x_wconf 88' lang='lat' dir='ltr'>est</span> <span class='ocrx_word' id='word_1_164' title='bbox 849 1579 1103 1609; x_wconf 88' lang='lat' dir='ltr'>tormentum</span> <span class='ocrx_word' id='word_1_165' title='bbox 1135 1569 1298 1623; x_wconf 86' lang='lat' dir='ltr'>aliquod</span> <span class='ocrx_word' id='word_1_166' title='bbox 1329 1568 1530 1634; x_wconf 81' lang='lat' dir='ltr'>amplius?</span> 
     </span>
    </p>

    <p class='ocr_par' dir='ltr' id='par_1_22' title="bbox 294 1626 1592 1725">
     <span class='ocr_line' id='line_1_41' title="bbox 294 1626 1592 1680; baseline -0.001 -12"><span class='ocrx_word' id='word_1_167' title='bbox 294 1627 433 1669; x_wconf 86' lang='lat' dir='ltr'>Etiam</span> <span class='ocrx_word' id='word_1_168' title='bbox 469 1626 654 1679; x_wconf 87' lang='lat' dir='ltr'>amplius,</span> <span class='ocrx_word' id='word_1_169' title='bbox 687 1626 879 1667; x_wconf 89' lang='lat' dir='ltr'>Plausum</span> <span class='ocrx_word' id='word_1_170' title='bbox 915 1627 1027 1666; x_wconf 89' lang='lat' dir='ltr'>enim</span> <span class='ocrx_word' id='word_1_171' title='bbox 1066 1626 1295 1667; x_wconf 86' lang='lat' dir='ltr'>Comoediae</span> <span class='ocrx_word' id='word_1_172' title='bbox 1331 1627 1592 1680; x_wconf 89' lang='lat' dir='ltr'>surripiemus</span> 
     </span>
     <span class='ocr_line' id='line_1_42' title="bbox 413 1684 660 1725; baseline -0.004 0"><span class='ocrx_word' id='word_1_173' title='bbox 413 1684 660 1725; x_wconf 87' lang='lat' dir='ltr'>clanculum.</span> 
     </span>
    </p>

    <p class='ocr_par' dir='ltr' id='par_1_23' title="bbox 299 1740 1591 1791">
     <span class='ocr_line' id='line_1_43' title="bbox 299 1740 1591 1791; baseline 0.001 -9"><span class='ocrx_word' id='word_1_174' title='bbox 299 1743 385 1783; x_wconf 94' lang='lat' dir='ltr'>Hui</span> <span class='ocrx_word' id='word_1_175' title='bbox 409 1742 520 1783; x_wconf 89' lang='lat' dir='ltr'>nulla</span> <span class='ocrx_word' id='word_1_176' title='bbox 541 1743 616 1782; x_wconf 90' lang='lat' dir='ltr'>erit</span> <span class='ocrx_word' id='word_1_177' title='bbox 639 1741 857 1783; x_wconf 86' lang='lat' dir='ltr'>Comoedia</span> <span class='ocrx_word' id='word_1_178' title='bbox 878 1742 907 1782; x_wconf 89' lang='lat' dir='ltr'>si</span> <span class='ocrx_word' id='word_1_179' title='bbox 933 1740 1124 1782; x_wconf 90' lang='lat' dir='ltr'>Plausum</span> <span class='ocrx_word' id='word_1_180' title='bbox 1146 1741 1270 1782; x_wconf 86' lang='lat' dir='ltr'>semel</span> <span class='ocrx_word' id='word_1_181' title='bbox 1291 1742 1484 1782; x_wconf 87' lang='lat' dir='ltr'>amiserit.</span> <span class='ocrx_word' id='word_1_182' title='bbox 1547 1762 1591 1791; x_wconf 90' lang='lat'>40</span> 
     </span>
    </p>

    <p class='ocr_par' dir='ltr' id='par_1_24' title="bbox 296 1798 1590 1854">
     <span class='ocr_line' id='line_1_44' title="bbox 296 1798 1590 1854; baseline 0 -13"><span class='ocrx_word' id='word_1_183' title='bbox 296 1801 357 1841; x_wconf 88' lang='lat' dir='ltr'>At</span> <span class='ocrx_word' id='word_1_184' title='bbox 378 1815 502 1854; x_wconf 89' lang='lat' dir='ltr'>quam</span> <span class='ocrx_word' id='word_1_185' title='bbox 525 1801 717 1840; x_wconf 88' lang='lat' dir='ltr'>technam</span> <span class='ocrx_word' id='word_1_186' title='bbox 740 1801 1071 1852; x_wconf 86' lang='lat' dir='ltr'>comminisceris,</span> <span class='ocrx_word' id='word_1_187' title='bbox 1094 1810 1136 1840; x_wconf 92' lang='lat' dir='ltr'>vt</span> <span class='ocrx_word' id='word_1_188' title='bbox 1159 1798 1350 1840; x_wconf 86' lang='lat' dir='ltr'>Plausum</span> <span class='ocrx_word' id='word_1_189' title='bbox 1373 1800 1590 1853; x_wconf 87' lang='lat' dir='ltr'>surripias?</span> 
     </span>
    </p>

    <p class='ocr_par' dir='ltr' id='par_1_25' title="bbox 295 1857 1590 1969">
     <span class='ocr_line' id='line_1_45' title="bbox 295 1857 1590 1912; baseline -0.001 -14"><span class='ocrx_word' id='word_1_190' title='bbox 295 1857 387 1899; x_wconf 93' lang='lat' dir='ltr'>Pish</span> <span class='ocrx_word' id='word_1_191' title='bbox 420 1873 494 1898; x_wconf 86' lang='lat' dir='ltr'>nos</span> <span class='ocrx_word' id='word_1_192' title='bbox 526 1858 590 1897; x_wconf 91' lang='lat' dir='ltr'>hic</span> <span class='ocrx_word' id='word_1_193' title='bbox 622 1858 925 1910; x_wconf 84' lang='lat' dir='ltr'>excubabimus,</span> <span class='ocrx_word' id='word_1_194' title='bbox 953 1858 1063 1912; x_wconf 92' lang='lat' dir='ltr'>quod</span> <span class='ocrx_word' id='word_1_195' title='bbox 1091 1858 1119 1898; x_wconf 90' lang='lat' dir='ltr'>si</span> <span class='ocrx_word' id='word_1_196' title='bbox 1150 1857 1295 1910; x_wconf 89' lang='lat' dir='ltr'>pedem</span> <span class='ocrx_word' id='word_1_197' title='bbox 1324 1868 1436 1898; x_wconf 87' lang='lat' dir='ltr'>extra</span> <span class='ocrx_word' id='word_1_198' title='bbox 1464 1857 1590 1897; x_wconf 89' lang='lat' dir='ltr'>limen</span> 
     </span>
     <span class='ocr_line' id='line_1_46' title="bbox 411 1926 594 1969; baseline -0.005 -13"><span class='ocrx_word' id='word_1_199' title='bbox 411 1926 594 1969; x_wconf 90' lang='lat' dir='ltr'>penetret</span> 
     </span>
    </p>

    <p class='ocr_par' dir='ltr' id='par_1_26' title="bbox 300 1971 1484 2026">
     <span class='ocr_line' id='line_1_47' title="bbox 300 1971 1484 2026; baseline -0.002 -12"><span class='ocrx_word' id='word_1_200' title='bbox 300 1973 522 2026; x_wconf 81' lang='lat' dir='ltr'>Rapiemus</span> <span class='ocrx_word' id='word_1_201' title='bbox 554 1972 671 2021; x_wconf 87' lang='lat' dir='ltr'>illico,</span> <span class='ocrx_word' id='word_1_202' title='bbox 702 1987 779 2013; x_wconf 89' lang='lat' dir='ltr'>nec</span> <span class='ocrx_word' id='word_1_203' title='bbox 810 1984 948 2014; x_wconf 87' lang='lat' dir='ltr'>tamen</span> <span class='ocrx_word' id='word_1_204' title='bbox 981 1983 1115 2026; x_wconf 87' lang='lat' dir='ltr'>raptus</span> <span class='ocrx_word' id='word_1_205' title='bbox 1146 1971 1312 2013; x_wconf 89' lang='lat' dir='ltr'>Plausus</span> <span class='ocrx_word' id='word_1_206' title='bbox 1343 1972 1484 2013; x_wconf 91' lang='lat' dir='ltr'>odium</span> 
     </span>
    </p>

    <p class='ocr_par' dir='ltr' id='par_1_27' title="bbox 298 2029 1594 2142">
     <span class='ocr_line' id='line_1_48' title="bbox 298 2029 1594 2085; baseline -0.001 -14"><span class='ocrx_word' id='word_1_207' title='bbox 298 2031 504 2085; x_wconf 87' lang='lat' dir='ltr'>Explebit,</span> <span class='ocrx_word' id='word_1_208' title='bbox 528 2031 601 2071; x_wconf 90' lang='lat' dir='ltr'>nisi</span> <span class='ocrx_word' id='word_1_209' title='bbox 626 2030 888 2072; x_wconf 86' lang='lat' dir='ltr'>Comoediam</span> <span class='ocrx_word' id='word_1_210' title='bbox 915 2031 1038 2071; x_wconf 86' lang='lat' dir='ltr'>etiam</span> <span class='ocrx_word' id='word_1_211' title='bbox 1056 2045 1105 2070; x_wconf 83' lang='lat' dir='ltr'>ex</span> <span class='ocrx_word' id='word_1_212' title='bbox 1122 2030 1310 2071; x_wconf 86' lang='lat' dir='ltr'>Theatro</span> <span class='ocrx_word' id='word_1_213' title='bbox 1331 2029 1594 2083; x_wconf 86' lang='lat' dir='ltr'>explodamus</span> 
     </span>
     <span class='ocr_line' id='line_1_49' title="bbox 414 2100 631 2142; baseline 0 -14"><span class='ocrx_word' id='word_1_214' title='bbox 414 2100 631 2142; x_wconf 83' lang='lat' dir='ltr'>protinam.</span> 
     </span>
    </p>
   </div>
  </div>
 </body>
</html>
