1731 2360
103 166 213 206 Aer.
240 177 276 217 1,
299 163 362 205 Sc.
386 164 449 218 6³]
530 154 1155 207 HISTRIOMASTIX
1504 168 1563 202 21

103 287 190 328 Iud.

103 344 192 385 Fuc.

101 517 187 569 Ing.

102 746 139 786 F
138 762 191 787 uc.

101 861 186 913 Ing.

102 1035 139 1075 F
138 1051 190 1075 uc.

100 1207 185 1260 Ing.

102 1265 140 1305 F
139 1281 192 1306 uc.

100 1323 184 1375 Ing.

101 1380 138 1420 F
138 1395 190 1420 uc.

101 1438 187 1490 Ing.

100 1668 138 1708 F
137 1684 189 1709 uc.

99 1784 185 1836 Ing.

101 1841 138 1881 F
137 1857 190 1883 uc.

98 2014 183 2068 Ing.

99 2130 186 2170 Iud.

275 287 394 327 mitte
425 301 518 327 vero
551 285 753 337 iocularia,
784 284 1018 338 Ingenium.

831 356 926 382 sane
956 355 1050 381 vero
1080 339 1228 392 probus
1259 353 1312 390 es,
1344 338 1571 392 Judicium,

279 400 431 442 Probus
452 416 492 441 es
512 414 628 441 sane:
659 414 784 453 quam
801 399 958 454 gaudeo
974 398 1039 437 vbi
1063 396 1125 437 vel
1142 410 1271 436 vnum
1294 397 1373 436 mei
1395 394 1571 435 similem

392 459 593 512 reliquum
615 458 743 498 video.
1531 472 1572 493 20

274 516 362 557 Tui
394 516 568 556 similem
604 512 830 567 (malum)?
873 514 927 553 ita
961 514 1095 553 vivam
1126 522 1170 552 vt
1201 526 1276 565 ego
1308 510 1425 550 video
1456 520 1569 550 tuam

390 574 674 627 arrogantiam.

275 632 334 671 tui
357 630 562 671 similem?
593 645 689 670 cum
720 630 771 669 sis
798 629 986 668 omnium
1009 630 1129 681 (quos
1155 627 1257 680 scio)
1286 625 1570 680 nequissimus,

393 690 547 728 bonum
579 699 618 727 te
648 685 884 727 assimulas?

271 746 428 786 Audin’
473 747 563 785 haec
611 744 836 796 maledicta,
879 741 1116 784 Iudicium?
1163 752 1222 782 est
1264 741 1328 781 hic
1365 741 1567 796 genuinus

391 803 622 844 Comoediae
657 813 780 855 pater.

275 861 505 903 Comoediae
539 859 680 914 pater?
723 859 805 899 noli
839 858 1093 910 maledicere,
1125 856 1369 910 nequissime
1402 855 1536 907 frater,

277 918 500 959 Malefacta
531 934 583 958 ne
616 932 754 958 noscas
787 928 867 957 tua.
930 918 1095 956 obsecro
1126 926 1180 967 te,
1531 933 1570 963 ²5

276 976 390 1024 Quid
408 977 479 1016 tibi
498 975 780 1029 interpellatio,
797 984 867 1014 aut
885 975 925 1013 in
948 973 1165 1014 consilium
1186 973 1267 1012 huc
1289 971 1463 1011 accessio
1480 980 1566 1010 est.
1558 968 1570 1000 Ρ

274 1035 434 1075 Rumor
463 1045 521 1074 est
550 1035 668 1073 huius
698 1032 829 1072 filium
860 1031 1147 1072 Philomathen
1177 1030 1258 1083 (cui
1291 1029 1412 1082 patris
1443 1028 1570 1084 gratia

390 1093 491 1131 bene
523 1092 629 1144 volo)

274 1148 537 1190 Comoediam
569 1160 682 1189 tuam
715 1148 756 1187 in
789 1161 956 1187 vxorem
987 1156 1251 1198 accepturum
1284 1144 1416 1184 hodie.

276 1207 390 1259 Quid
423 1206 545 1246 inde?
588 1206 675 1246 tun’
709 1206 769 1246 his
799 1205 1014 1244 adversaris
1044 1201 1224 1258 nuptijs?

274 1264 388 1306 Sane.

408 1322 507 1369 Qua
538 1322 690 1362 ratione
722 1321 867 1360 ductus
897 1318 1021 1360 sane?
1529 1337 1570 1368 30

273 1379 385 1427 Quia
415 1380 573 1420 scenica
602 1378 831 1432 spectacula
861 1392 933 1431 pro
964 1376 1111 1416 illicitis
1142 1377 1270 1416 habeo
1301 1375 1452 1415 omnia.

276 1436 464 1491 Optime.
529 1437 757 1490 impudenS‚
790 1435 879 1476 tun’
912 1449 958 1474 ea
988 1445 1118 1474 vertes
1147 1434 1247 1473 vitio

276 1495 386 1542 Quae
421 1496 501 1548 ipsa
533 1494 769 1534 Academiae
802 1493 1075 1546 approbarunt
1106 1491 1262 1531 lumina

274 1553 431 1607 Suaque
461 1568 542 1592 non
569 1551 694 1592 semel
724 1551 938 1604 praesentia
964 1550 1186 1590 honestarit
1214 1549 1400 1601 princeps
1421 1562 1566 1603 augus-

388 1622 562 1651 tissimus
582 1621 593 1649 r

271 1669 331 1708 At
367 1669 444 1708 hoc
481 1683 565 1708 non
603 1668 772 1721 impedit
806 1667 1026 1720 quominus
1062 1679 1133 1718 pro
1165 1663 1313 1704 illicitis
1343 1663 1570 1704 habeantur

387 1737 540 1766 tamen.
1529 1740 1568 1771 35

273 1783 332 1824 At
350 1799 446 1837 pace
464 1785 545 1835 tua,
562 1784 687 1835 Fuce,
705 1797 776 1822 cur
794 1782 911 1822 liceat
928 1781 1077 1833 videre,
1092 1780 1224 1820 facere
1241 1794 1334 1833 quae
1354 1789 1471 1831 turpe
1485 1777 1568 1818 est?

271 1856 409 1895 parem
446 1856 563 1894 paene
600 1856 681 1881 esse
718 1840 880 1893 culpam
916 1853 1077 1890 censeo,
1114 1838 1143 1878 si
1181 1847 1383 1890 spectator
1424 1836 1486 1876 his
1528 1850 1568 1876 se

387 1910 584 1939 assuescat
615 1898 790 1938 ludicris.

300 1971 446 1997 orro—

272 1972 296 2010 Ρ
446 2013 589 2067 porro?
617 2028 826 2068 quovsque
842 2013 978 2063 huius,
997 2011 1218 2063 Iudicium,
1236 2011 1414 2050 feremus
1430 2007 1567 2050 stulti-

387 2072 571 2126 loquium
591 2071 602 2112 ,Ρ

271 2129 504 2186 Ingenium,
538 2130 686 2170 licetne
718 2127 933 2182 pauca—?
