1731 2360
96 164 204 204 ACT.
228 177 268 215 4,
291 162 353 203 Sc.
378 164 439 217 3³]
524 154 1145 205 HISTRIOMASTIX
1491 154 1521 203 6
1537 171 1554 203 1

97 285 134 325 F
133 302 185 326 uc.

97 342 188 383 Pro.

97 400 213 440 Puer.

96 457 187 498 Pro.

97 514 213 555 Puer.

98 572 134 611 F
133 587 185 612 uc.

96 628 213 671 Puer.

97 686 134 726 F
133 702 184 727 uc.

96 743 213 786 Puer.

97 800 134 841 F
133 817 186 841 uc.

99 974 190 1015 Pro.

99 1031 136 1071 F
136 1047 189 1072 uc.

97 1262 189 1303 Pro.

96 1599 186 1641 Pla.

100 1772 188 1813 Fuc.

97 1888 187 1929 Pla.

95 2003 185 2044 Pro.

1110 282 1389 323 lubentissime
1420 297 1528 323 sane.

271 343 398 394 Heus,
431 357 542 396 puer,
573 340 671 382 affer
702 342 783 381 huc
815 339 1029 394 pulvinum
1061 354 1198 395 ocyus.

1227 396 1308 438 fiet.

271 458 397 510 Heus,
429 456 590 509 fidicen,
621 457 856 511 Johannem
889 454 1205 507 Sandersonum,
1237 456 1332 507 cim,
1364 455 1458 496 cito.
1521 475 1564 497 πο

278 515 388 555 Hem
420 515 490 555 tibi
524 514 752 568 pulvinum.

764 569 885 624 puer!

897 626 1142 681 praeceptor!

1169 686 1360 726 ehodum.

275 744 389 792 Quid
420 744 492 797 vis,
525 743 649 785 here?

652 812 713 842 tot
744 816 819 856 ego
850 801 1049 841 distrahor
1081 801 1267 857 negotijs‚
1298 801 1374 840 abi.

271 858 360 913 Ego
388 870 428 900 te
457 860 652 900 revocabo
680 860 744 899 vbi
775 860 816 898 in
846 859 1087 900 memoriam
1115 859 1214 912 quid
1242 858 1422 899 dicturus
1452 873 1562 899 eram

385 919 552 958 venerit.

271 975 376 1029 Age,
408 975 598 1031 magister
629 975 754 1027 Fuce,
786 985 886 1015 tune
918 973 1091 1027 incipis?

1116 1031 1230 1072 Sane.

271 1088 488 1130 Difficilior
530 1090 623 1130 licet
671 1091 860 1130 omnibus
901 1089 1024 1130 videri
1072 1089 1212 1143 religio
1255 1090 1355 1130 mihi
1405 1104 1564 1142 semper

387 1148 507 1188 fuerit
537 1149 577 1187 in
610 1147 785 1201 publico,
1523 1166 1562 1197 25

270 1205 518 1246 Clanculum
541 1216 692 1257 tamen,
709 1204 852 1257 Probe,
867 1205 1082 1258 exporrigo
1104 1205 1296 1258 frontem,
1314 1205 1562 1246 clanculum.

269 1264 368 1317 quin
403 1263 544 1316 incipis
577 1261 729 1318 igitur?

648 1404 884 1451 SCAENA
923 1402 1007 1464 3⁶2.

624 1510 787 1550 Plausus
820 1510 1038 1564 reliquique.

279 1599 394 1647 Quid
426 1601 490 1640 hic
524 1601 676 1656 negotij
711 1600 800 1641 est?
843 1601 923 1641 ha?
965 1616 1065 1654 quos
1096 1601 1243 1642 video?

272 1658 383 1698 Hinc
419 1659 645 1698 obseruem.
707 1659 803 1712 quid
836 1668 958 1714 agant
988 1674 1082 1699 sane
1114 1660 1257 1700 sentio.

712 1716 849 1769 [Fucus
871 1724 1022 1769 arrepto
1037 1717 1197 1769 pulvino
1219 1718 1338 1758 saltat
1357 1719 1563 1760 cantillam

270 1771 468 1813 Prinkum
512 1775 736 1826 pranckum
780 1789 903 1827 quem
948 1775 1020 1814 nisi
1065 1789 1260 1815 mancum
1307 1791 1390 1816 non
1435 1777 1562 1820 allicit

383 1831 612 1883 tripudiare.

261 1888 328 1927 Ha
349 1888 399 1928 he
422 1889 638 1941 princkum
661 1889 862 1941 prankum
884 1904 1006 1943 quam
1034 1890 1200 1942 pulchre
1227 1891 1388 1932 Fucum
1415 1893 1530 1934 decet
1550 1891 1559 1934 !

267 1945 342 1986 Sed
374 1946 592 1986 tacendum
624 1958 696 1986 est.
1541 1970 1558 2001 5

268 2002 503 2056 Princkum,
537 2005 760 2057 pranckum
795 2005 872 2045 διε.

95 2061 182 2101 Fue.
208 2060 351 2114 (cant.).
386 2061 517 2102 Cadet
549 2062 636 2102 haec
668 2061 838 2103 saltatio.

92 2118 184 2159 Pro.

856 2122 959 2161 eheu
990 2136 1184 2175 quaenam
1218 2123 1318 2163 ratio
1335 2122 1348 2163 ?
