1731 2360
51 152 160 194 Aer.
186 163 223 206 5,
242 153 303 194 Sc.
328 153 388 208 32]
473 145 1100 198 HISTRIOMASTIX
1446 159 1515 211 79

428 348 651 395 ACTUS
692 363 733 409 5.
807 347 1045 393 SCAENA
1082 353 1143 406 3³.

358 460 489 500 Fusus,
555 459 763 499 Cornelius.
826 457 1036 510 Ingenium.
1099 456 1216 498 Puer.

51 562 136 614 Ing.
218 561 336 603 Puer.

54 619 171 660 Puer.
363 619 487 660 Here.

53 677 138 730 Ing.
504 676 569 716 Ito
600 677 696 716 hinc
728 691 750 715 e
780 674 951 729 uestigio
982 685 1183 727 quantum
1216 683 1341 726 potes.

226 734 440 774 Villanum
471 744 720 787 caeterosque
752 734 852 773 meis
881 732 1008 772 verbis
1036 746 1181 771 reuoca
1210 732 1290 772 huc
1316 730 1519 783 ruricolas,

229 793 435 832 Actutum
467 792 559 832 iube
591 791 768 831 redeant.

53 849 171 891 Puer.
789 847 976 901 nunquid
1008 847 1065 886 vis
1097 845 1236 887 aliud?

54 907 138 960 Ing.
1072 905 1122 944 ah
1155 919 1274 944 mane
1306 903 1516 957 paulisper.

56 965 143 1006 Fuc.
226 964 373 1005 Patent
398 965 548 1005 omnia.
609 974 649 1004 et
672 965 751 1003 iam
774 977 885 1003 nunc
908 977 1067 1002 rursum
1099 963 1259 1015 nuptias
1288 961 1518 1003 Comoediae

343 1032 548 1076 apparant.

230 1080 294 1121 Eo
325 1080 477 1120 scilicet
509 1089 673 1119 reuocat
706 1078 907 1118 ruricolas.

57 1139 148 1179 Cor.
669 1136 823 1189 lepidus
853 1146 912 1176 est
944 1137 1009 1175 hic
1039 1150 1176 1187 senex,
1209 1146 1448 1189 praeceptor‚
1503 1154 1519 1186 5

230 1195 402 1236 Vtinam
434 1210 500 1234 me
532 1194 587 1234 illi
621 1193 917 1234 instituendum
948 1194 1140 1233 crederes.

58 1253 146 1294 Fuc.
719 1266 801 1291 non
836 1265 905 1304 pro
937 1262 1136 1304 quantum
1170 1251 1259 1290 haec
1290 1251 1372 1291 vita
1402 1251 1521 1293 valet.

57 1311 143 1363 Ing.
231 1310 338 1365 Jube
374 1311 496 1350 etiam
534 1309 747 1349 Villanum
790 1310 897 1349 bono
939 1319 981 1348 vt
1021 1309 1071 1348 sit
1111 1309 1262 1360 animo,
1295 1309 1370 1349 hac
1411 1310 1522 1349 enim

346 1378 466 1408 nocte
499 1367 707 1407 Balladam
739 1367 823 1406 fore
855 1381 981 1406 suam.

231 1441 306 1481 ego
362 1427 441 1465 iam
494 1425 638 1479 Iudicij
696 1425 921 1464 aduentum
977 1425 1043 1464 hic
1100 1423 1360 1477 praestolabor
1416 1425 1525 1465 intus

348 1494 524 1523 interim.

232 1541 271 1582 Is
301 1542 412 1581 enim
443 1541 491 1580 ad
524 1540 791 1580 Academiam
823 1541 998 1592 perrexit
1029 1540 1165 1591 modo,

234 1599 301 1640 De
334 1599 434 1639 Fuci
467 1597 624 1652 iniurijs
655 1597 765 1637 illam
797 1608 839 1636 vt
870 1608 1023 1637 certam
1055 1598 1216 1637 faceret.
1489 1618 1526 1640 10

62 1658 154 1698 Cor.
236 1656 433 1708 Obsecro,
467 1666 703 1709 praeceptor,
737 1655 856 1694 huius
887 1670 952 1695 me
985 1655 1124 1695 tutelae
1158 1654 1324 1695 credito.

61 1715 150 1756 Fue.
232 1713 393 1768 Pergin’
421 1728 543 1767 vsque
575 1728 657 1753 esse
689 1712 904 1766 peruicax?
941 1712 1055 1766 plura
1087 1713 1135 1753 de
1166 1713 1240 1753 hac
1272 1727 1313 1752 re
1345 1713 1374 1753 si
1406 1713 1526 1753 verba

350 1771 490 1811 feceris

236 1830 329 1870 faxo
359 1839 470 1882 pater
501 1828 733 1868 exhaeredet
765 1838 816 1868 te.

65 1889 156 1929 Cor.
834 1886 913 1925 Hei
946 1886 1045 1925 mihi
1078 1886 1237 1937 misero,

236 1959 332 1985 nam
359 1945 389 1985 si
418 1945 518 1997 patri
546 1945 665 1984 huius
690 1958 918 1984 enarrarem
944 1958 1088 1996 mores,
1110 1942 1233 1983 fidem
1255 1958 1338 1983 non
1365 1944 1527 1984 habebit

351 2003 465 2043 mihi.

238 2060 451 2101 ferendum
482 2070 554 2100 est.

65 2118 153 2160 Fue.
575 2115 730 2157 Abin'?
760 2117 828 2157 sed
860 2117 963 2157 fores
994 2132 1016 2156 a
1047 2117 1210 2171 Judicio
1242 2131 1446 2170 crepuere.
1492 2137 1528 2167 15
