1731 2360
99 146 208 187 Aer.
233 159 274 202 3,
297 147 359 188 sc.
384 146 445 201 82]
525 139 1149 191 HISTRIOMASTIX
1499 155 1523 206 5
1537 155 1561 207 3

102 270 194 311 Bal.

102 327 194 368 Phi.

103 500 196 541 Bal.

103 557 206 598 Hir.

102 615 195 656 Bal.

107 673 184 714 Vil.

103 845 195 886 Bal.

106 1018 197 1059 Pla.

275 271 357 311 Vbi
390 286 443 323 es,
477 270 641 311 Villane
672 269 759 310 mi?

774 327 839 367 vbi
871 337 943 379 est,
976 325 1151 381 rogitas?

276 386 356 426 Nae
389 396 435 426 tu
466 387 590 438 proba
620 399 660 425 es
691 385 901 425 hominem
932 385 987 424 sic
1019 384 1133 424 ludos
1164 383 1295 424 facere
1529 402 1566 424 10

277 442 372 483 Nec
403 443 574 483 modum
605 442 869 483 contumeliae
903 456 1052 494 ponere
1084 452 1233 494 postea.

277 499 447 541 Ecastor
477 500 634 541 iocabar
665 499 888 553 pauxillum
921 509 1098 551 tantum,
1131 498 1422 539 Philomathes.

276 558 346 598 An
378 568 424 597 tu
455 573 550 611 ergo
582 559 670 597 ioco
702 558 888 597 homines
918 557 967 597 ad
997 557 1258 609 suspendium
1289 555 1451 611 adiges?

276 616 344 655 Ad
371 614 659 668 suspendium?
692 616 742 654 ha
765 616 815 654 ha
836 613 842 654 !
876 629 1001 668 quam
1028 626 1086 666 tu,
1112 614 1295 665 Hirsute,
1319 613 1472 666 lepidus
1498 610 1565 653 es!

278 673 402 713 Rides
427 674 565 725 etiam,
591 671 790 725 pessima?
824 672 914 712 vide
942 673 991 712 sis
1021 686 1144 725 quam
1177 671 1331 724 lepidus
1359 685 1433 726 ego
1461 684 1566 721 sum,

278 730 418 777 Quam
450 740 496 770 tu
526 730 632 769 mala
661 744 767 770 vero.
830 729 965 769 iuben’
1000 729 1211 769 hominem
1532 736 1569 769 16

276 787 326 828 In
358 787 508 828 malam
539 802 703 828 crucem
733 788 849 828 abeat
881 786 1022 827 nunc?

1034 845 1097 884 hei
1130 845 1230 884 mihi

278 902 420 950 Quam
451 902 517 942 ille
547 902 787 943 alioversum
818 903 956 942 omnia
987 913 1107 955 atque
1138 917 1214 956 ego
1246 902 1321 942 feci
1354 898 1528 954 accipit!

280 960 363 1013 Ah,
395 961 451 1000 mi
485 959 676 1001 Villane!

690 1017 873 1058 Contine
905 1028 944 1057 te
974 1018 1004 1057 si
1038 1028 1149 1070 potes
1180 1016 1405 1069 paululum.

109 1076 186 1118 Vil.
211 1077 356 1130 (cant.).
390 1076 460 1116 Ah
492 1076 612 1115 nimis
643 1075 867 1115 infoelicem
899 1090 979 1126 me,
1012 1075 1304 1127 inauspicatam
1336 1073 1486 1125 lucem,
1530 1092 1570 1115 20

106 1249 198 1290 Phi.

108 1594 203 1635 Pla.

111 1710 190 1752 Vil.

111 1883 201 1923 Phi.

114 2113 156 2155 V
152 2113 192 2155 il.

280 1133 493 1173 Villanum
524 1148 617 1186 quae
651 1148 748 1173 mox
778 1133 911 1173 videas
941 1143 1109 1173 euntem
1143 1133 1239 1172 hinc
1272 1133 1313 1171 in
1346 1128 1540 1172 crucem!

279 1193 350 1231 An
381 1206 523 1231 verum
556 1192 635 1230 iam
668 1190 781 1230 dixi?

781 1247 962 1300 Plausus,
994 1247 1184 1288 adeamus
1219 1247 1443 1288 hominem·

279 1307 381 1348 Siste
411 1317 464 1357 te,
498 1306 675 1358 Ballada‚
706 1305 940 1346 altrinsecus
972 1305 1102 1345 donec
1133 1305 1350 1345 advoceris.

279 1363 456 1415 Villane,
488 1378 571 1417 quo
603 1363 672 1403 te?
713 1378 845 1403 mane.
907 1363 1005 1416 quid
1037 1364 1115 1403 hoc
1145 1363 1217 1402 sibi
1250 1362 1350 1414 vult,
1384 1361 1466 1402 ha?

280 1422 351 1461 An
382 1421 431 1461 ad
462 1423 600 1461 restim
633 1436 692 1461 res
724 1421 842 1476 redijt
873 1421 945 1460 tibi
979 1420 1183 1474 denique?
1532 1438 1571 1470 25

283 1478 398 1526 Quid
438 1490 478 1519 te
518 1480 575 1519 sie
615 1478 847 1519 excruciat?
900 1493 1024 1532 apage
1065 1480 1171 1518 hanc
1212 1477 1432 1530 tristitiam,
1474 1492 1574 1518 crux

396 1538 513 1578 curis.

281 1594 419 1635 Etiam
448 1605 488 1635 te
513 1592 715 1646 obfirmas,
737 1592 885 1634 stulte?
916 1592 998 1633 vin'
1021 1608 1071 1633 ex
1100 1594 1227 1646 teipso
1256 1593 1388 1634 facere
1415 1592 1574 1634 literam

396 1651 561 1708 longam
579 1651 591 1692 ?

284 1709 471 1751 literam?
515 1724 590 1763 ego
621 1724 669 1750 ex
702 1709 855 1762 meipso
886 1709 1032 1749 faciam
1063 1709 1208 1764 viginti
1239 1719 1412 1762 quatuor
1442 1708 1575 1750 literas

397 1767 536 1821 longas

283 1826 415 1878 potius
428 1839 552 1879 quam
570 1835 726 1865 tantam
742 1824 869 1864 feram
888 1824 1188 1877 indignitatem.

984 1882 1052 1921 Ah
1070 1881 1186 1922 aliter
1201 1897 1248 1922 ac
1264 1896 1325 1922 res
1342 1891 1400 1922 est
1416 1883 1575 1935 accipis.

283 1940 413 1994 Atqui
432 1941 522 1979 haec
539 1940 635 1980 fecit
651 1940 790 1979 omnia
805 1939 991 1980 animum
1008 1950 1051 1979 vt
1068 1949 1315 1992 pertentaret
1332 1951 1465 1980 tuum.
1536 1960 1577 1991 30

285 1997 406 2038 Proin
438 1998 644 2051 ignoscere
675 2012 841 2051 aequum
870 2008 927 2037 est
956 2008 996 2036 te
1025 1997 1095 2049 illi,
1117 1998 1312 2051 quicquid
1342 2012 1410 2050 per
1440 1997 1576 2038 iocum

401 2055 554 2095 fecerit.
1095 2076 1098 2078 ’

289 2112 403 2160 Quid
434 2114 490 2153 ais
521 2113 703 2168 ignoscis.
