1731 2360
94 147 202 188 AcT.
226 161 266 201 4,
289 148 350 189 se.
379 148 437 202 ια]
517 139 1140 190 HISTRIOMASTIX
1491 151 1556 202 59

93 268 118 307 I
113 282 176 321 gn.

96 383 132 422 F
130 399 183 424 uc.

94 556 118 595 I
113 570 178 608 gn.

95 671 184 712 Fuc.

94 901 119 940 I
113 915 178 954 gn.

95 958 131 998 F
130 974 183 1000 uc.

94 1075 118 1114 I
113 1089 179 1128 gn.

95 1190 132 1230 F
131 1205 184 1231 uc.

94 1306 178 1358 Ign.

96 1421 132 1461 F
131 1436 184 1462 uc.

94 1479 179 1530 Ign.

97 1536 186 1577 Fuc-

95 1652 180 1703 Ign.

96 1709 132 1748 F
132 1725 185 1749 uc.

95 1767 180 1819 Ign.

97 1824 133 1863 F
132 1840 185 1865 uc.

95 1941 180 1992 Ign.

97 1998 185 2038 Fuc.

96 2056 180 2108 Ign.

264 268 449 322 Optime.
511 283 561 308 ne
603 279 647 308 tu
690 266 919 307 Comoediae
961 280 1106 319 aquam
1148 280 1262 305 suam
1300 264 1557 304 benedictam

383 340 549 379 repones
578 325 753 378 largiter.
1517 339 1557 370 45

263 384 418 424 Iterum
448 384 563 423 istam
596 380 767 436 aquam?
811 396 904 421 sane
937 395 1031 421 vero
1066 379 1326 421 Comoediam
1361 378 1559 419 mulctare

379 440 484 481 male

267 496 495 539 Decretum
526 507 584 538 est
616 497 729 537 mihi.

263 556 428 609 dignam
449 556 632 596 arbitror.
692 564 734 595 at
756 554 829 594 nisi
853 554 1016 594 festines
1037 565 1197 606 tempus
1223 553 1272 593 ad
1302 553 1392 592 haec
1418 551 1559 592 omnia

385 613 524 654 deerit.

265 671 332 711 Ne
362 670 518 711 dixeris.
580 670 688 723 prius
722 670 833 710 enim
869 684 991 723 quam
1028 670 1133 708 hanc
1170 668 1327 721 occipio
1363 680 1559 708 exornare

381 728 588 780 fabricam,

266 785 344 826 Me
375 786 480 826 inter
510 796 550 826 et
580 784 776 839 quosdam
807 784 959 825 sodales
989 784 1068 823 mei
1100 783 1251 824 ordinis
1518 801 1559 832 50

266 843 377 884 Saltu
407 854 447 884 et
477 854 600 884 cantu
632 853 791 883 nosmet
823 841 985 883 reficere
1016 841 1256 882 iamdudum
1294 850 1555 882 convenerat.

264 902 421 941 Annon
452 911 498 941 tu
528 901 627 940 vitio
655 915 784 953 nuper
809 900 949 941 dedisti
976 898 1206 940 saltationes
1231 898 1316 939 illas
1340 897 1555 938 ridiculas?

263 958 410 999 Valide
439 973 547 1010 sane,
572 959 640 999 sed
664 973 761 1012 quas
785 955 1044 999 saltationes?
1085 971 1233 1010 nempe
1258 956 1489 997 saltationes
1515 956 1556 994 in

381 1016 556 1069 publico.

263 1075 324 1115 At
360 1074 510 1115 ieiunia
544 1073 732 1114 videntur
771 1073 1002 1113 saltationes
1042 1072 1189 1126 quibus
1229 1086 1313 1111 non
1356 1071 1558 1111 intersunt

383 1132 582 1172 foeminae.

265 1189 455 1230 Aderunt
477 1200 516 1229 et
538 1190 604 1228 hic
627 1189 826 1240 foeminae,
848 1188 915 1228 sed
937 1188 1156 1239 severioris,
1174 1201 1265 1227 mea
1286 1186 1466 1240 Ignavia,
1518 1204 1558 1236 55

265 1247 469 1288 severioris
499 1246 641 1286 frontis
672 1246 871 1286 foeminae.

261 1306 321 1345 At
351 1305 455 1344 viros
485 1318 580 1344 cum
613 1304 793 1344 foeminis
823 1303 1040 1356 tripudiare
1071 1303 1299 1355 promiscue

268 1362 395 1403 Nefas
426 1362 597 1402 ducebas
628 1361 740 1401 olim.

759 1419 812 1458 oh
845 1418 945 1458 nihil
978 1419 1113 1458 minus
1144 1417 1175 1457 si
1207 1416 1277 1458 fiat
1308 1416 1557 1457 clanculum.

264 1477 373 1524 Quae
406 1479 469 1517 hae
502 1492 619 1516 novae
653 1491 788 1516 rerum
820 1475 969 1516 facies?

269 1534 411 1576 Probae
441 1544 534 1575 sunt
565 1535 630 1574 hae
664 1534 860 1587 foeminae,
892 1535 1028 1587 probae
1060 1544 1169 1585 sunt,
1201 1544 1240 1573 et
1271 1532 1334 1573 vel
1366 1532 1560 1586 religione

382 1607 560 1646 praecisae
590 1607 696 1632 sane.
1517 1600 1561 1631 60

266 1661 464 1691 mecastor
494 1665 577 1689 non
608 1650 797 1689 videntur
828 1649 962 1689 malae.
1023 1649 1090 1689 sed
1121 1648 1219 1702 quid
1255 1647 1443 1702 agimus?

265 1708 420 1748 vtinam
452 1718 497 1747 tu
527 1707 769 1760 speculatrix
801 1708 916 1759 fores,
949 1721 1039 1746 mea
1070 1707 1249 1760 Ignavia.

1134 1778 1230 1803 nam
1261 1761 1560 1817 quamobrem?

263 1834 306 1863 vt
337 1823 366 1863 si
399 1823 502 1863 forte
533 1823 631 1862 dum
663 1823 929 1875 tripudiemus
961 1821 1126 1862 Plausus
1157 1821 1433 1872 intervenerit,

269 1881 344 1922 Tu
375 1881 489 1920 nobis
519 1881 682 1936 signum
714 1881 836 1921 dares.

839 1952 986 1990 nempe
1017 1948 1060 1977 vt
1092 1937 1208 1977 illum
1241 1936 1393 1990 rapias?

1402 1993 1558 2034 Tenes.

265 2054 410 2095 faciam
441 2053 593 2094 sedulo.
654 2065 699 2094 tu
730 2068 892 2094 securus
923 2064 962 2093 te
993 2052 1170 2093 oblectes
1203 2052 1380 2093 interim.
1519 2061 1560 2101 65
