1731 2360
53 160 162 200 Ac-r.
187 173 227 212 4,
245 159 309 201 sc.
334 158 396 213 8³]
477 146 1102 201 HISTRIOMASTIX
1447 159 1514 212 75

56 281 161 321 Com.

53 338 138 390 Ing.

54 394 145 435 Phi.

53 452 137 505 Ing.

56 509 160 550 Com.

53 682 90 722 F
89 698 142 723 uc.

53 740 137 791 Ing.

52 796 147 837 Phi.

52 912 136 964 Ing.

51 969 141 1009 Phi.

56 1027 160 1067 Com.

52 1143 136 1195 Ing.

57 1258 161 1299 Com.

54 1373 144 1413 Phi.

54 1431 139 1483 Ing.

58 1661 95 1701 F
94 1677 147 1701 uc.

56 2122 91 2162 C
93 2122 145 2162 al.

657 292 695 329 o,
727 278 792 316 ho.

831 332 903 388 Dij
937 332 1092 386 gratias,
1124 332 1310 384 spiritum
1342 330 1470 370 duxit.

226 395 269 437 O
302 396 383 435 vita
413 409 516 445 mea,
548 407 649 433 num
681 390 873 444 respiras?

696 465 721 489 o
752 464 818 489 me
850 445 1047 488 beatum!
1089 447 1301 496 reviviscis,
1333 443 1443 484 filia?
1481 464 1520 486 10

228 510 324 550 Heu
373 520 537 563 quantae
585 509 778 558 tenebrae,
824 516 976 560 quanta
1017 519 1099 544 nox
1140 518 1269 556 nuper
1311 502 1518 556 premebat

341 566 479 607 oculos
498 564 506 606 !

226 625 477 678 Remigravit
507 624 666 663 animus
698 636 808 662 nunc
840 621 1006 661 tandem
1038 620 1151 660 mihi.

222 681 313 722 Eho
345 681 516 731 Invidia,
549 680 782 731 Calumnia,
815 679 959 719 revixit
992 677 1222 728 Comoedia,
1253 677 1372 730 agite.

228 738 278 779 In
311 739 428 792 pedes
460 739 670 791 erigamus.

699 794 823 836 Satin'
857 793 974 845 vales,
1006 808 1096 832 mea
1128 790 1374 833 Comoedia?

714 852 823 906 [Cal.
857 852 985 891 Inuid.
1019 860 1053 890 et
1085 849 1202 889 Fucus
1233 849 1292 888 hic
1322 849 1520 902 explodunt

227 911 342 959 Quid
374 910 482 951 hoc?

492 968 607 1016 Quid
638 967 787 1007 audio?

798 1040 858 1064 vae
892 1025 991 1064 mihi
1024 1025 1194 1063 miserae.
1482 1043 1518 1072 15

226 1084 345 1138 Egon
376 1085 425 1124 ad
458 1085 566 1124 vivos
598 1084 771 1123 remeavi
805 1094 847 1122 vt
878 1084 955 1122 hoc
987 1082 1169 1122 audirem
1202 1079 1404 1120 dedecus?

229 1142 271 1184 O
295 1157 360 1181 me
384 1142 695 1193 infortunatum,
719 1142 832 1181 cuius
858 1151 902 1180 tu
929 1141 1005 1179 hoc
1031 1153 1148 1179 causa
1175 1140 1308 1178 insons
1336 1138 1517 1189 sustines,

226 1199 316 1254 Ego
347 1200 457 1239 enim
489 1210 528 1238 te
559 1200 720 1238 obtorto
751 1197 855 1238 collo
887 1198 990 1237 foras
1021 1197 1195 1250 protraxi
1228 1196 1361 1236 hodie.

229 1257 272 1299 O
305 1258 334 1297 si
367 1258 407 1296 in
440 1257 554 1297 cunis
584 1256 816 1310 vagientem
848 1271 914 1295 me
945 1253 1189 1305 suffocasses‚
1222 1265 1345 1306 pater,

227 1330 359 1368 neque
385 1315 426 1353 in
453 1315 556 1354 hanc
582 1328 811 1353 aerumnam
837 1328 902 1353 me
929 1326 1202 1352 conseruasses
1227 1312 1414 1351 miseram
1436 1309 1443 1351 !
1478 1331 1519 1352 20

227 1372 383 1414 Ohime
416 1373 566 1423 ohime,
599 1382 739 1411 metuo
770 1386 820 1411 ne
852 1372 990 1411 animo
1021 1369 1180 1410 deficiat
1212 1370 1374 1409 iterum.

1144 1428 1369 1467 deferamus
1399 1427 1519 1466 intro.

229 1487 373 1527 Alium
403 1488 609 1540 sperabam
641 1487 811 1527 exitum.
875 1488 954 1526 heu
986 1496 1137 1539 quanta
1168 1485 1216 1525 de
1247 1500 1314 1537 spe
1346 1482 1504 1524 decidi!

229 1546 269 1584 in
298 1559 371 1585 nos
398 1545 560 1585 fortuna
587 1546 688 1584 vires
714 1544 964 1597 consumpsit
992 1558 1091 1584 suas.
1158 1543 1248 1596 [Fu.
1275 1542 1364 1582 Cal.
1388 1542 1520 1583 Invid.

1126 1601 1280 1640 redeunt
1301 1599 1341 1640 in
1364 1615 1521 1640 scaenam

229 1661 384 1714 prodite
416 1660 569 1713 prodite
600 1675 693 1700 sane
725 1675 774 1700 ex
806 1658 993 1710 latibulis,
1019 1659 1128 1712 quasi
1159 1659 1311 1697 vmbrae
1341 1672 1391 1698 ex
1418 1657 1520 1699 Orci

342 1718 536 1758 faucibus.

230 1775 373 1829 ecquid
405 1790 479 1829 ego
510 1790 626 1815 verus
657 1776 737 1815 iam
768 1775 879 1815 vobis
911 1774 1047 1814 Fucus
1077 1773 1244 1813 videor?
1482 1793 1520 1823 ²5

229 1835 279 1873 ah
311 1848 414 1872 meae
447 1833 660 1873 adiutrices
689 1832 992 1884 scelestissimae,
1023 1842 1144 1885 atque
1176 1846 1223 1871 eo
1254 1831 1422 1871 nomine

229 1891 462 1945 gratissimae
492 1891 607 1943 mihi,
636 1891 868 1944 gratissimae
900 1890 1066 1943 inquam
1095 1888 1330 1929 clanculum
1359 1888 1525 1929 clancu-

344 1948 445 2000 lum,

227 2007 277 2046 ah
292 2006 438 2059 quibus
455 2020 529 2060 ego
543 2020 611 2046 vos
626 2006 837 2059 depeream
852 2004 1100 2057 nominibus,
1109 2005 1224 2045 furiae
1240 2004 1523 2055 festiuissimae,

228 2061 419 2103 veneficae
446 2064 736 2104 venustissimae
757 2063 769 2104 ?
805 2064 855 2103 ah
881 2077 1006 2117 quam
1033 2078 1108 2117 ego
1133 2077 1203 2102 vos
1228 2061 1317 2103 colo
1339 2074 1379 2102 et
1400 2076 1493 2102 amo
1514 2059 1523 2102 !

227 2122 385 2161 eneruis
416 2120 588 2161 elumbis
619 2120 848 2162 Comoedia.
