1731 2360
158 135 226 186 66

154 266 245 332 Plgi.

157 324 234 367 Vzl.

155 381 244 423 Phi.

157 555 197 596 V
194 556 234 596 il.

155 671 244 711 Cin.

156 729 195 770 V
193 729 234 793 ²7:

153 786 243 827 Pht.

152 961 190 1002 V
188 960 228 1000 il.

152 1018 243 1059 Phi.

154 1076 195 1118 V
192 1077 232 1116 il.

153 1135 244 1176 Cin.

154 1192 192 1234 V
191 1192 231 1233 il.

155 1367 244 1407 Cin.

156 1424 197 1466 V
194 1424 234 1465 il.

152 1482 243 1523 Phi.

156 1540 234 1582 Vil.

155 1655 244 1721 Pin:

154 1714 225 1756 th

153 1745 244 1812 Phi.

157 1829 198 1871 V
194 1829 234 1869 zl

156 1887 247 1927 Cm.

155 2120 245 2162 Phi.

768 136 1014 187 FUCUS
1282 144 1405 198 [Aer.
1427 157 1468 196 4,
1490 143 1553 186 Sc.
1578 148 1622 196 5ει

740 267 890 307 Hercle
921 281 1016 307 vero
1048 267 1103 306 ita
1132 276 1190 306 est
1220 276 1264 306 vt
1295 266 1398 307 dico.

1419 323 1588 379 gaudeo.

326 381 402 423 Sed
448 383 546 436 quid
593 383 671 423 hoc
719 392 777 422 est
824 382 935 435 quod
984 382 1148 421 rariores
1193 381 1324 435 capilli
1375 392 1470 422 sunt
1515 383 1622 422 circa

443 441 637 480 verticem

327 497 455 545 Quasi
487 498 535 538 ad
567 497 774 538 caluitiem
807 496 1019 551 vergeret?

1062 554 1194 594 inane.

327 613 558 654 Nullumne
589 624 634 653 tu
667 613 761 653 huic
793 612 1021 666 excogitare
1053 612 1173 664 possis
1205 611 1462 653 remedium?

326 671 627 724 Capillamento
657 670 763 711 sutili
797 670 913 710 facile
945 671 1035 710 haec
1066 670 1272 723 obtigetur
1302 669 1496 710 labecula.
1577 687 1617 719 45

324 728 676 782 Capillamentum
698 728 814 768 sutile
834 727 846 768 ?
874 742 1012 767 annon
1036 727 1243 783 degeneris
1264 738 1322 768 est
1352 729 1429 768 hoc
1457 726 1620 782 gerere?

325 787 418 827 Vah
445 786 546 826 nihil
579 787 705 840 magis
729 786 830 839 sapit
856 799 1112 839 generosum,
1138 785 1239 824 nihil
1268 786 1395 841 magis
1423 785 1618 827 aulicum.

328 845 383 884 Hi
417 845 527 884 enim
559 844 624 883 vbi
657 843 821 896 capillos
854 843 1007 882 Veneri
1040 843 1246 883 litaverint

325 901 466 943 Sutilia
496 902 632 942 statim
664 901 903 941 conducunt
934 899 1217 953 capillamenta
1246 901 1332 941 sibi.

321 959 379 999 At
409 970 581 999 ventum
611 973 768 1011 semper
800 959 949 998 habent
980 958 1218 998 obnoxium.

629 1016 730 1056 nihil
763 1016 899 1056 minus
929 1016 995 1055 vbi
1028 1027 1199 1055 ventum
1230 1025 1289 1055 est
1320 1016 1361 1055 in
1392 1016 1546 1057 vrbem.
1580 1035 1621 1066 50

323 1075 541 1127 Cinname‚
574 1086 618 1115 tu
651 1075 752 1114 mihi
785 1074 904 1114 huius
934 1074 1093 1126 copiam
1124 1073 1276 1113 feceris.

997 1129 1151 1171 affatim
1182 1130 1265 1170 vin’
1296 1130 1460 1171 lavare?

1182 1188 1282 1240 lava,
1314 1188 1467 1242 prolue,
1499 1187 1620 1230 dilue.

327 1249 440 1297 Quid
472 1249 569 1303 agis,
601 1246 838 1289 Cinname?
880 1246 1014 1287 hercle
1046 1246 1214 1286 laterem
1246 1245 1424 1287 lavabis?
1472 1247 1544 1286 tibi
1577 1248 1619 1286 in

440 1321 579 1347 aurem
611 1306 714 1346 dico.

326 1365 418 1406 Pish
451 1364 570 1417 lapidi
603 1364 759 1404 dictum
791 1373 900 1416 puta.

922 1419 1099 1460 molliter
1130 1418 1318 1459 molliter.

326 1481 477 1522 Hercle
507 1491 554 1520 tu
586 1478 808 1520 cuticulam
841 1492 968 1529 curas,
1002 1477 1180 1517 Villane.

1202 1533 1493 1588 Philomathes,

325 1595 408 1637 Dic
439 1597 555 1647 mihi,
587 1610 725 1635 annon
758 1593 884 1634 bellus
916 1593 1017 1632 mihi
1049 1602 1108 1632 est
1140 1606 1207 1632 cos
1237 1591 1415 1632 amoris?
1579 1612 1618 1643 55

327 1654 496 1695 Medius
525 1652 656 1704 fidius,
690 1652 940 1692 bellissimus.

955 1707 1071 1749 Cedo
1100 1706 1410 1760 dentiscalpium
1440 1708 1555 1750 mihi.

326 1769 485 1811 Dentes
516 1784 649 1822 penna
680 1768 810 1808 levare
843 1777 984 1820 potest.

325 1827 526 1881 Nunquid
557 1827 629 1867 tibi
662 1837 721 1866 est
752 1824 1051 1877 nariscalpium,
1085 1821 1321 1864 Cinname?

328 1884 661 1938 Nariscalpium?
698 1885 761 1936 ha,
791 1884 855 1934 he,
884 1897 949 1922 nae
981 1892 1026 1921 tu
1055 1896 1197 1934 parum
1227 1895 1339 1921 nunc
1371 1895 1412 1921 es
1442 1891 1622 1935 nasutus‚

441 1944 497 1983 mi
531 1941 751 1983 Villanule.

326 2001 364 2043 Si
396 2002 468 2042 tibi
501 2015 660 2040 morosa
691 1998 897 2052 prurigine
927 1997 1128 2037 verminat
1158 1996 1262 2036 auris
1579 2006 1621 2039 60

327 2060 459 2100 Arma
489 2058 631 2098 damus
663 2058 786 2097 tantis
816 2066 907 2108 apta
938 2054 1182 2094 libidinibus.

327 2117 488 2158 Verum
519 2127 565 2156 tu
597 2116 676 2155 iam
709 2114 837 2154 mittis
867 2112 1104 2153 tonsorem?
