1731 2360
109 165 215 205 Am«.
238 176 277 216 2,
300 164 362 206 Sc.
386 163 448 219 622]
530 158 1155 208 HISTRIOMASTIX
1506 176 1531 227 3
1544 174 1569 225 5

109 284 453 336 Com.1.Villane,
485 283 799 325 convaluistin'?
829 285 919 338 quis
949 295 989 324 te
1020 285 1194 325 restituit
1227 285 1268 324 in
1300 283 1451 338 pedes?
1554 304 1570 334 5

281 342 486 382 medicum
517 342 598 382 huc
629 356 793 382 mecum
824 342 954 382 attuli.

107 399 199 440 Bal.
926 399 1137 440 Perdidisti
1170 410 1216 440 tu
1248 410 1362 440 tuam
1393 414 1572 452 operam.

110 457 435 498 Com.1.Annon
467 458 524 497 sic
555 457 723 510 praedixi
756 456 872 497 fore?

108 513 197 554 Fuc.
871 513 974 555 Sane
1004 529 1163 567 possem
1194 515 1291 555 hinc
1323 515 1480 555 vtinam

278 571 413 625 aliqua
442 572 646 626 aufugere.

108 628 186 670 Vil.
700 628 841 676 Quem
873 640 918 669 tu
949 644 1083 669 narras
1114 629 1351 670 medicum?

279 685 407 727 Illene
438 686 624 742 longurio
656 697 698 727 vt
729 687 779 727 sit
811 686 1020 727 medicus?

108 744 212 785 Com.
228 757 260 784 1.
1035 744 1202 797 Quippe
1234 745 1305 784 ni?

108 801 186 843 Vil.
277 801 359 842 Vbi
392 802 568 854 reperisti
601 801 766 856 quaeso?

108 859 261 900 Com.1.
745 860 856 899 Hinc
878 860 925 899 ad
949 860 1084 900 forum
1107 860 1335 913 properanti
1359 860 1424 900 hic
1447 861 1572 901 homo

394 916 440 957 fit
472 917 571 957 mihi
604 918 779 969 obviam,
1536 938 1572 959 10

278 974 382 1029 Ego,
415 975 621 1015 medicum
659 990 709 1015 ex
746 974 861 1014 vultu
900 986 1019 1026 ratus,
1052 976 1132 1015 huc
1168 975 1231 1014 vel
1265 975 1445 1031 ingratijs
1475 990 1572 1015 eum

394 1047 559 1073 mecum
590 1032 720 1073 attuli.

105 1089 198 1131 Bal.
280 1090 394 1137 Quid
427 1101 472 1130 tu
504 1091 714 1130 hominem
748 1091 914 1130 intentis
944 1091 1043 1130 adeo
1074 1090 1251 1130 obtueris
1281 1089 1438 1130 oculis?

107 1147 186 1188 Vil.
281 1148 431 1188 Hercle
462 1148 572 1188 hunc
606 1148 816 1188 hominem
848 1147 994 1188 alicubi
1026 1148 1168 1187 vidisse
1201 1162 1266 1187 me
1299 1148 1545 1188 existimem.

279 1205 420 1251 Quam
452 1206 579 1259 magis
609 1216 784 1258 aspecto,
817 1216 902 1245 tarn
934 1206 1062 1259 magis
1093 1206 1277 1246 memini.

104 1263 196 1303 Bal.
278 1262 489 1309 Quaenam
522 1264 633 1303 istaec
665 1264 746 1302 avis
776 1261 865 1303 est?

106 1321 185 1362 Vil.
883 1321 950 1360 Ha
981 1321 1042 1361 da.

104 1378 195 1419 Bal.
1070 1377 1185 1425 Quid
1216 1377 1297 1418 est?
1535 1399 1570 1429 15

105 1437 194 1477 Fuc.
275 1436 428 1490 fugiam
459 1436 555 1476 hinc
589 1435 709 1476 illico.

107 1493 185 1536 Vil.
737 1493 851 1533 Heus
881 1494 992 1534 heus.

279 1551 378 1599 Quo
409 1562 448 1592 te
479 1551 680 1602 subducis,
712 1551 767 1590 mi
800 1550 1017 1605 longurio?

105 1609 194 1650 Fue.
1023 1608 1139 1649 Bone
1169 1609 1242 1661 vir,

279 1667 395 1714 Quid
426 1667 497 1706 tibi
530 1680 694 1706 mecum
726 1677 784 1706 est
815 1665 1001 1722 negotij?

105 1725 184 1767 Vil.
1009 1723 1221 1777 paululum
1253 1724 1363 1778 quid.

278 1780 366 1834 Oh,
398 1796 489 1822 mea
520 1780 698 1833 Ballada,
731 1782 796 1821 hic
827 1792 886 1822 est
918 1781 982 1821 ille
1012 1782 1190 1822 sincerus
1220 1781 1371 1822 nebulo

278 1839 364 1887 Qui
396 1838 554 1880 dierum
586 1840 781 1880 festorum
813 1839 916 1879 ludis
946 1850 1031 1879 tam
1064 1839 1231 1880 infestus
1257 1850 1315 1879 est
1340 1840 1497 1881 nostris.
1531 1859 1572 1883 το

107 1898 260 1938 Com.1.
278 1896 449 1950 AEdipol
480 1907 539 1937 est
570 1897 799 1950 ipsissimus.

104 1955 196 1996 Bal.
840 1969 892 1995 an
921 1969 993 2008 pro
1023 1965 1134 1995 certo
1165 1953 1316 1995 habes?

107 2013 185 2055 Vil.
276 2011 528 2053 Certissimo.
590 2013 689 2053 heus
719 2022 778 2064 tu,
811 2012 916 2052 bone
947 2013 1018 2053 vir.

105 2070 195 2111 Fuc.
807 2084 961 2110 nomen
992 2085 1133 2110 meum
1165 2071 1289 2123 probe
1320 2080 1433 2111 tenes
1463 2085 1570 2112 sane.

107 2127 186 2170 Vil.
276 2126 410 2170 Sane?
451 2137 536 2169 tam
569 2126 755 2181 illumpse
785 2128 868 2168 scio
900 2142 982 2169 esse
1013 2142 1125 2168 nunc
1156 2143 1281 2182 quarn
1313 2142 1379 2169 me
1410 2128 1557 2169 vivere.

1388 2218 1476 2254 3-‘2
