1731 2360
137 149 205 202 72

137 318 226 359 Cal.

137 375 226 416 Fue.

137 549 162 588 I
162 564 228 588 nv.

140 606 227 646 Cal.

138 836 227 876 Fuc.

141 1010 223 1049 Cal

140 1041 243 1107 Cani.

137 1182 228 1222 Inv.

139 1298 175 1338 C
177 1298 228 1338 al.

140 1413 244 1453 Com.

141 1644 177 1684 C
179 1644 230 1684 al.

142 1875 246 1915 Com.

143 1989 232 2030 Cal.

745 135 991 185 FUCUS
1261 142 1390 196 [ACT.
1412 155 1453 194 4,
1471 141 1534 183 Sc.
1559 147 1603 197 7a

309 261 365 303 Et
396 262 590 315 paulatim
623 261 795 302 deficiet.

649 319 767 366 Quin
799 330 844 360 tu
874 334 994 360 acum
1026 321 1106 360 iarn
1138 334 1249 360 nunc
1281 321 1322 359 in
1355 320 1463 360 iecur
1494 333 1602 373 vrge.

305 377 454 417 Adibo.
521 378 571 417 ah
619 392 710 417 mea
755 378 904 429 anima,
951 376 1124 429 Invidia,
1178 377 1411 430 Calumnia,
1462 391 1603 417 meum

424 434 650 486 corculum,
1567 454 1606 475 10

311 491 387 532 Per
418 503 578 545 tempus
610 492 837 532 advenistis.
898 491 1024 532 aderit
1056 506 1152 532 mox
1184 494 1328 546 opinor
1359 492 1588 533 Comoedia.

310 549 484 590 Crucior
514 550 657 589 misere
687 549 796 603 quod
829 550 929 589 mihi
962 564 1045 589 non
1077 560 1171 590 sunt
1198 550 1397 604 longiores
1425 549 1602 603 vngulae.

309 608 384 647 vah
401 608 547 661 quibus
563 621 638 661 ego
655 607 763 647 illam
783 607 964 647 lacerabo
982 608 1176 663 convicijs
1196 606 1203 647 !
1241 607 1385 648 veneni
1402 616 1604 661 quantum

310 663 360 704 In
387 664 498 705 illam
524 679 710 704 evomam
732 663 738 704 !
772 665 949 704 nimium
974 664 1119 704 vellem
1146 665 1255 705 illam
1281 665 1381 705 mihi
1405 666 1484 704 iam
1507 664 1602 705 dari.

310 722 382 777 Dij
420 737 487 762 me
522 723 597 761 nisi
635 723 875 776 sanguinem
912 722 1215 776 medullamque
1252 738 1301 762 ex
1337 723 1522 762 carnibus
1564 731 1605 762 et

423 780 576 820 ossibus
607 778 812 820 exuxero!
1156 781 1311 833 [Intrat
1334 779 1530 820 Comoedia
1566 797 1602 829 15

309 837 462 878 Eccam
495 838 582 889 tibi,
615 839 802 890 praesenti
837 839 916 877 iam
947 838 1009 877 fac
1040 839 1089 878 sis
1120 839 1271 878 animo.

309 895 447 948 Agite,
479 895 743 948 aggredimini
779 896 893 935 bonis
922 895 1076 946 avibus,
1110 896 1223 935 bonis
1255 896 1394 935 avibus
1424 910 1532 937 sane.

311 951 403 1005 Ego
434 953 499 992 hic
532 967 654 1005 prope
687 952 726 991 in
761 952 910 1007 insidijs
942 952 1161 992 excubabo.

1100 1010 1229 1063 potin'
1261 1025 1356 1064 ergo
1387 1020 1430 1050 vt
1460 1008 1606 1051 abeas?

312 1067 411 1114 Quo
443 1077 483 1107 te
514 1078 727 1120 terrarum,
761 1067 941 1120 Plausus,
974 1068 1174 1122 aufugisse
1206 1067 1370 1108 dicam?

310 1126 401 1165 Aut
431 1124 528 1178 quid
561 1124 725 1178 deliqui,
759 1127 903 1165 misera
934 1135 979 1165 tu
1011 1140 1077 1166 me
1107 1136 1150 1165 vt
1182 1124 1370 1179 fugeres?
1565 1145 1607 1167 ἰο

310 1182 353 1224 Ο
386 1183 595 1222 ambitiosa
632 1184 836 1235 meretrix,
863 1183 952 1223 tun’
991 1182 1183 1223 Plausum
1220 1182 1383 1236 captas?
1423 1193 1464 1224 at
1499 1183 1606 1224 malo

427 1250 510 1280 tuo.

311 1296 472 1338 Odium
503 1299 733 1350 hominum,
766 1298 863 1352 quid
894 1298 1108 1352 deliquisti,
1140 1312 1267 1352 rogas,
1296 1309 1339 1337 vt
1364 1297 1510 1338 Plausu
1536 1313 1607 1339 ex-

427 1354 598 1395 cideris?

313 1412 456 1453 Putavi
491 1428 620 1466 nuper
652 1414 805 1453 exuisse
838 1428 904 1453 me
936 1414 1030 1453 vitae
1062 1424 1229 1453 cunctas
1260 1413 1533 1467 aegritudines.

311 1471 438 1510 Nunc
470 1486 536 1510 me
567 1485 690 1511 novas
721 1472 888 1511 induere
919 1473 1061 1511 sentio.
1128 1486 1179 1510 an
1215 1471 1346 1511 adhuc
1382 1472 1606 1526 quidquam

427 1528 513 1581 tibi,

310 1586 487 1637 fortuna,
520 1586 678 1626 debeo?

641 1643 755 1690 Quid
788 1659 999 1696 cessamus,
1030 1644 1200 1696 Invidia,
1224 1643 1503 1685 fulminarier?
1565 1664 1604 1695 ²5

313 1700 548 1741 Involemus
577 1702 617 1740 in
646 1700 884 1742 veneficam.
938 1702 1105 1754 Adeste,
1131 1702 1289 1742 sceleris
1317 1702 1476 1742 vltrices
1504 1702 1606 1756 deae,

313 1758 494 1799 Adversa
525 1760 675 1811 superis
708 1774 830 1813 regna
860 1774 1080 1813 manesque
1113 1760 1241 1814 impij,

313 1816 470 1856 Hecate
501 1817 695 1856 triformis
725 1827 765 1856 et
797 1818 928 1857 noctis
959 1827 1125 1856 aeternae
1160 1815 1324 1858 Chaos!

316 1874 395 1913 Hei
428 1875 543 1925 mihi,
575 1889 767 1927 quaenam
800 1875 888 1914 haec
921 1885 1113 1927 monstra,
1145 1890 1237 1928 quae
1271 1874 1419 1915 furiae?

309 1932 398 1972 Aut
422 1946 615 1985 quaenam
643 1933 705 1971 hae
734 1931 947 1986 regiones?
980 1947 1031 1972 an
1059 1933 1161 1972 forte
1186 1931 1507 1973 Acherunticae?
1565 1952 1607 1983 30

315 1989 429 2036 Quid
463 1990 530 2041 ais,
564 1988 694 2042 pellex
728 1990 921 2042 improba,
954 2004 1115 2042 procax,
1149 1990 1306 2042 lasciva,
1339 1991 1476 2043 impia,

312 2046 423 2094 Quae
457 2047 626 2087 deorum
659 2048 803 2099 probra
833 2058 873 2087 et
906 2047 1012 2088 furta
1042 2047 1163 2087 audes
1193 2047 1325 2101 palam
1358 2048 1501 2101 facere,

311 2103 421 2151 Quae
450 2104 583 2157 ipsum
610 2104 758 2158 Jovem
784 2119 869 2144 non
895 2106 1092 2146 erubescis
1120 2106 1161 2144 in
1187 2120 1366 2146 scaenam
1398 2106 1607 2148 traducere
