1731 2360
108 165 216 207 Αετ.
240 179 278 220 3,
302 167 365 208 Sc.
391 168 451 221 7²²]
533 161 1157 212 HISTRIOMASTIX
1507 181 1532 233 5
1549 183 1565 216 1

106 289 209 331 Hir.

107 462 198 504 Bal.

104 635 207 676 Hir.

106 692 198 733 Bal.

107 749 209 791 Hir.

112 922 192 988 Vig.

104 980 158 1020 H
157 996 207 1021 ιν.

108 1555 146 1597 V
145 1555 185 1596 il.

105 1784 208 1825 Hir.

107 1958 146 2001 V
145 1958 186 2000 il.

276 291 473 331 Tandem
505 290 718 344 perdoluit,
750 291 810 331 eia
842 291 922 331 iam
954 306 1029 345 ego
1061 300 1101 331 te
1131 292 1265 331 virum
1293 291 1438 332 iudico.

277 349 353 387 vah
385 349 592 402 degeneris
622 349 746 388 animi
779 358 837 388 est
869 348 1016 401 aequali
1048 349 1252 389 ceruicem
1284 350 1538 390 submittere.

279 405 353 446 Sed
384 420 508 459 quem
539 406 765 446 tumultum
798 405 949 446 audio?
989 406 1087 459 quid
1120 407 1196 446 hoc
1228 406 1318 446 est?

281 462 456 519 Profuge
486 463 552 514 sis,
585 463 735 515 helluo,
769 463 832 516 pol
865 474 1067 516 quantum
1100 463 1216 503 video

278 521 482 561 vindemia
512 521 607 560 huic
639 522 795 560 homini
827 536 910 560 non
942 522 1035 560 satis
1066 532 1124 561 est
1154 521 1240 562 soli.
1533 542 1574 564 20

279 579 422 633 Apage
453 589 493 618 te
524 579 619 618 hinc
651 578 700 618 ad
731 578 909 631 lepidum
943 579 1087 618 herum
1119 589 1251 619 tuum.

277 636 433 675 Audin’
465 650 557 689 quae
591 636 632 675 in
664 646 704 675 te
735 636 910 676 coniecit
941 636 1156 676 conuicia?

278 707 375 746 cape
406 694 456 733 sis
486 694 609 733 etiam
642 694 713 733 tibi
745 693 941 746 (malum)
972 692 1124 733 fistulas
1156 704 1254 735 tuas.

279 750 399 791 Eheu
430 751 528 804 quid
560 751 702 803 fecisti,
735 751 916 803 pessima,
949 751 1225 804 nequissima?

278 807 464 861 diespiter
495 808 605 848 illam
638 808 808 861 perduit,
841 808 1075 848 vtriculares
1106 809 1223 849 tibias
1532 829 1570 860 25

277 865 510 919 disperdidit
544 866 788 919 planissime.

770 923 1015 977 disperdidit.

279 981 364 1033 An,
395 981 575 1033 verbero,
609 992 722 1021 tuam
753 983 805 1021 ob
837 982 1075 1022 ebrietatem
1108 983 1185 1022 hoc
1217 982 1332 1023 nobis
1363 983 1537 1038 contigit

278 1038 521 1093 infortunij?
562 1050 602 1078 at
633 1054 701 1079 vos
731 1039 828 1092 quid
860 1040 1075 1091 meruistis,
1108 1040 1264 1080 festiuae
1297 1040 1442 1080 tibiae?

278 1096 392 1143 Quid
424 1107 468 1136 tu
500 1096 584 1136 illas
616 1096 747 1149 rapis?
788 1111 945 1137 asserua
977 1097 1099 1152 igitur
1131 1097 1229 1137 dum
1263 1098 1385 1138 redio.

278 1153 351 1194 Ibo
373 1155 479 1193 intro
501 1165 541 1194 et
562 1169 658 1194 curn
682 1153 846 1194 Ballada
862 1155 967 1194 hanc
990 1155 1254 1207 expostulabo
1278 1156 1480 1196 iniuriam.
1530 1175 1569 1206 30

279 1222 324 1252 tu
356 1212 478 1252 etiam
511 1227 577 1251 me
607 1227 784 1265 sequere.
847 1226 923 1266 ego
954 1212 1052 1265 quid
1083 1224 1128 1252 tu
1160 1212 1375 1266 deliquisti,
1407 1214 1530 1254 scibo.

671 1359 907 1404 seAENA
946 1366 1006 1419 72.

616 1462 806 1504 Villanus.
868 1463 1073 1504 Hirsutus.

278 1554 452 1609 Lugete,
484 1556 608 1608 tibiae,
642 1555 789 1609 lugete,
822 1556 932 1595 tibiae
964 1567 1138 1609 moestae,
1379 1559 1472 1602 [tune

278 1614 389 1653 vobis
405 1628 618 1667 nunquam
634 1614 800 1665 posthac
815 1613 1017 1654 sonabunt
1035 1614 1117 1654 dies
1134 1615 1262 1666 festae‚
1298 1605 1452 1667 ‘lamesst
1484 1612 1570 1656 bag·

278 1669 334 1711 Et
350 1685 419 1711 vos
441 1671 500 1710 his
522 1671 630 1710 festis
646 1670 789 1723 lepidae
809 1670 943 1725 lugete
962 1686 1074 1711 nunc
1090 1671 1252 1725 puellae‚
1295 1673 1374 1704 9¹9⁶
1392 1659 1568 1702 lament.’]

278 1728 345 1768 Ad
377 1728 568 1768 tibiarum
599 1743 691 1781 quae
725 1742 871 1768 sonum
904 1729 1148 1781 tripudiastis
1179 1729 1309 1771 bellae.

280 1784 403 1826 Parce
435 1800 551 1839 parce
581 1786 772 1825 tibiarum
804 1785 940 1841 lugere
973 1786 1259 1828 infortunium.
1551 1807 1567 1839 5

279 1841 396 1883 Posse
427 1858 492 1883 eas
522 1858 608 1896 spes
638 1854 697 1883 est
727 1844 813 1883 sine
845 1844 994 1883 damno
1027 1845 1262 1886 refarcirier.

278 1901 548 1941 Vtricularius
577 1901 626 1940 ad
659 1902 763 1940 hanc
795 1916 880 1941 rem
911 1916 1040 1941 seram
1072 1917 1183 1943 nunc
1215 1904 1324 1943 intus
1354 1903 1516 1959 subigit.

277 1958 388 2012 Ergo
420 1958 545 1998 nolite
575 1973 658 2011 vos,
691 1958 851 2011 puellae,
884 1959 964 1999 iam
996 1959 1133 2013 lugere
1340 1971 1391 2014 [to
1403 1975 1568 2010 thesame

276 2015 338 2055 vel
371 2016 568 2056 damnum
599 2017 719 2056 vteris
749 2016 811 2056 vel
843 2016 1034 2057 tibiarum
1066 2018 1173 2058 flere.
1339 2021 1454 2064 tune]

278 2073 598 2114 Reconcinnatae
631 2074 905 2126 personabunt
942 2084 1071 2115 vteres
1105 2076 1184 2115 hoo
1218 2077 1297 2117 hoo
1331 2079 1426 2130 hoo,
1530 2099 1568 2121 10

277 2131 512 2185 Antiquum
544 2146 640 2171 vero
671 2131 782 2171 tibiae
815 2132 984 2173 reddent
1015 2143 1084 2173 too
1115 2133 1259 2174 doodle
1297 2135 1387 2177 d00.

1381 2226 1473 2259 4—2
