1731 2360
94 153 204 193 AcT,
228 164 266 205 2,
289 152 351 193 se.
375 153 437 206 2³]
519 144 1145 195 HISTRIOMASTIX
1494 159 1560 212 27

94 389 117 428 Ι
114 403 179 441 gn.

97 446 134 486 F
133 462 186 486 uc.

97 676 121 715 I
115 691 181 729 gn.

97 848 134 888 F
133 864 186 888 uc.

96 906 121 945 I
116 920 183 958 gn.

98 1019 186 1061 Fuc.

96 1194 181 1246 Ign.

96 1308 185 1348 Fuc.

95 1366 120 1404 I
115 1380 180 1418 gn.

95 1423 132 1463 F
131 1439 184 1464 uc.

94 1538 180 1591 Ign.

94 1653 184 1694 Fuc.

95 1826 131 1865 C
132 1841 185 1866 or.

92 1941 176 1993 Ign.

92 2055 181 2096 Fue.

90 2114 176 2167 Ign.

267 274 327 314 At
357 274 607 326 clanculum,
640 289 730 314 mea
762 273 990 325 delectatio,
1023 274 1149 312 homo
1178 287 1283 324 sum,

265 330 343 371 Nil
375 331 507 371 dicam
538 331 724 384 amplius,
757 332 881 371 homo
911 345 1001 371 sum
1033 329 1285 370 clanculum.

271 389 338 429 Ha
368 389 419 429 ha
451 390 530 429 he:
574 400 723 429 caetera
753 389 842 442 quis
874 388 1029 428 nescit?

879 445 966 485 lassi
999 445 1272 498 requievimus
1302 458 1458 484 omnes.
1521 463 1563 494 30

271 503 385 550 Quid
417 504 512 555 dixi,
543 503 629 544 lassi
662 504 933 556 requievimus
965 502 1136 542 omnes?
1178 503 1316 542 erravi.

270 560 404 601 Semel
436 561 698 601 insanivimus
728 575 882 612 omnes,
915 561 1104 600 dicerem.

271 618 345 659 Sed
380 619 504 658 homo
534 633 624 658 sum
656 628 696 658 et
727 619 955 658 humanum
988 629 1046 658 est
1077 632 1220 658 errare.

272 675 485 716 Mehercle
516 677 640 715 homo
674 690 964 728 perpaucorum
995 676 1224 715 hominum.

271 732 461 773 Placetne
482 744 619 773 autem
642 734 712 772 tibi
736 734 775 772 in
800 747 909 772 meas
931 734 1037 772 aedes
1058 747 1188 772 errare
1211 731 1421 785 paululum
1440 730 1452 771 ?
1521 750 1560 781 35

270 790 409 844 Dapes
438 791 621 843 apparavi
655 791 726 830 tibi
757 790 911 844 aliquot
942 801 981 830 et
1012 790 1156 829 vinum
1187 801 1314 830 vetus.

272 848 345 890 Oh
377 863 501 902 apage
531 849 688 900 vinum,
720 848 831 887 men'
862 847 1119 887 vinolentum
1151 847 1296 900 putas?

269 906 368 946 Non
401 907 477 946 hoc
509 921 559 945 ex
591 921 657 945 me
687 906 836 958 audies,
869 905 935 946 sed
967 906 1052 945 sine
1085 905 1234 946 Cerere
1265 916 1306 945 et
1338 905 1502 945 Baccho

270 962 572 1017 Friget—nosti
606 963 716 1016 quid.

715 1021 823 1060 Novi
855 1021 954 1074 quid
986 1032 1108 1073 atque
1140 1021 1232 1060 novi
1265 1019 1362 1074 quid
1393 1019 1562 1060 alicuius

271 1078 397 1124 Quod
427 1093 522 1118 sane
546 1079 632 1118 sine
660 1077 810 1119 Cerere
831 1089 871 1117 et
901 1078 1064 1118 Baccho
1087 1093 1169 1118 non
1200 1078 1333 1131 friget,
1356 1092 1440 1117 non
1465 1091 1560 1118 sane

384 1135 630 1176 clanculum.
1521 1154 1563 1184 40

272 1193 346 1233 Sed
399 1194 462 1232 dic
508 1194 608 1232 mihi
660 1194 775 1245 serio,
816 1194 1004 1246 nunquid
1052 1192 1264 1233 Bacchum
1315 1208 1400 1232 non
1450 1206 1560 1232 amas

383 1250 592 1303 paululum
611 1249 623 1289 ἓ

273 1308 372 1348 Non
405 1309 576 1348 omnino
607 1323 715 1348 sane.

743 1366 841 1405 Non
874 1365 1075 1406 omnino?

1079 1424 1178 1463 Non
1211 1424 1422 1463 Bacchum
1453 1437 1562 1475 sane,

268 1480 343 1521 Sed
367 1479 565 1521 Iacchum
587 1495 679 1520 amo
702 1480 948 1521 medullitus.

945 1539 1110 1579 obsecro
1143 1550 1181 1578 te
1216 1539 1427 1579 Bacchum
1456 1539 1562 1578 inter

383 1606 424 1636 et
455 1596 650 1636 Iacchum
682 1597 779 1650 quid
812 1595 1008 1636 interest?

266 1652 524 1694 Permultum
547 1668 654 1693 sane.
717 1669 813 1694 nam
837 1653 1051 1694 Bacchum
1073 1654 1215 1694 colunt
1247 1669 1348 1707 quos
1369 1668 1563 1694 vocamus

384 1712 478 1751 boni
511 1712 624 1766 socij,

265 1768 463 1809 Iacchum
485 1784 558 1809 nos
582 1769 653 1809 soli
675 1770 821 1822 quibus
850 1784 938 1809 mos
959 1780 1018 1809 est
1045 1780 1183 1822 potare
1205 1768 1452 1809 clanculum.
1520 1789 1560 1819 45

267 1827 332 1866 hic
365 1838 406 1866 vt
437 1827 596 1866 videtur
627 1827 669 1866 in
701 1841 841 1867 eorum
874 1841 1047 1867 numero
1078 1837 1136 1867 est

268 1883 354 1931 Qui
386 1899 507 1937 puros
537 1884 731 1924 simulant
763 1896 802 1925 et
835 1884 1106 1925 Bacchanalia
1138 1885 1295 1925 vivunt.

265 1941 382 1995 Euge
412 1941 591 1994 lepidum
625 1942 855 1983 discrimen.
914 1942 997 1982 vin’
1030 1957 1126 1996 ergo
1158 1942 1264 1995 apud
1296 1956 1363 1982 me
1394 1941 1561 1995 paulum

381 1999 516 2039 Iacchi
549 1998 717 2052 sapere?

266 2057 393 2097 Nunc
424 2072 508 2097 non
538 2056 634 2097 licet
664 2071 771 2098 sane.

788 2114 931 2162 Quid?
974 2130 1026 2157 ne
1057 2130 1194 2169 sapere
1224 2114 1422 2169 quidem?
