<?xml version="1.0" encoding="UTF-8"?>
<!DOCTYPE html PUBLIC "-//W3C//DTD XHTML 1.0 Transitional//EN"
    "http://www.w3.org/TR/xhtml1/DTD/xhtml1-transitional.dtd">
<html xmlns="http://www.w3.org/1999/xhtml" xml:lang="en" lang="en">
 <head>
  <title>
</title>
<meta http-equiv="Content-Type" content="text/html;charset=utf-8" />
  <meta name='ocr-system' content='tesseract 3.04.00' />
  <meta name='ocr-capabilities' content='ocr_page ocr_carea ocr_par ocr_line ocrx_word'/>
</head>
<body>
  <div class='ocr_page' id='page_1' title='image "./fucushistriomast00warduoft_0069.png"; bbox 0 0 1731 2360; ppageno 0'>
   <div class='ocr_carea' id='block_1_1' title="bbox 94 141 1556 214">
    <p class='ocr_par' dir='ltr' id='par_1_1' title="bbox 94 141 1556 214">
     <span class='ocr_line' id='line_1_1' title="bbox 94 141 1556 214; baseline 0.005 -26"><span class='ocrx_word' id='word_1_1' title='bbox 94 148 203 189; x_wconf 70' lang='lat' dir='ltr'>Aer.</span> <span class='ocrx_word' id='word_1_2' title='bbox 228 161 266 203; x_wconf 85' lang='lat'>3,</span> <span class='ocrx_word' id='word_1_3' title='bbox 294 147 356 190; x_wconf 89' lang='lat' dir='ltr'>Sc.</span> <span class='ocrx_word' id='word_1_4' title='bbox 378 149 441 203; x_wconf 75' lang='lat'>4³]</span> <span class='ocrx_word' id='word_1_5' title='bbox 523 141 1149 192; x_wconf 86' lang='lat' dir='ltr'>HISTRIOMASTIX</span> <span class='ocrx_word' id='word_1_6' title='bbox 1486 161 1556 214; x_wconf 77' lang='lat'>45</span> 
     </span>
    </p>
   </div>
   <div class='ocr_carea' id='block_1_2' title="bbox 95 270 197 311">
    <p class='ocr_par' dir='ltr' id='par_1_2' title="bbox 95 270 197 311">
     <span class='ocr_line' id='line_1_2' title="bbox 95 270 197 311; baseline -0.01 0"><span class='ocrx_word' id='word_1_7' title='bbox 95 270 197 311; x_wconf 88' lang='lat' dir='ltr'>Hir.</span> 
     </span>
    </p>
   </div>
   <div class='ocr_carea' id='block_1_3' title="bbox 93 443 185 541">
    <p class='ocr_par' dir='ltr' id='par_1_3' title="bbox 93 443 185 541">
     <span class='ocr_line' id='line_1_3' title="bbox 97 443 175 485; baseline -0.013 0"><span class='ocrx_word' id='word_1_8' title='bbox 97 443 137 485; x_wconf 91' lang='lat' dir='ltr'><em>V</em></span> <span class='ocrx_word' id='word_1_9' title='bbox 134 443 175 484; x_wconf 89' lang='lat' dir='ltr'>il.</span> 
     </span>
     <span class='ocr_line' id='line_1_4' title="bbox 93 500 185 541; baseline 0 0"><span class='ocrx_word' id='word_1_10' title='bbox 93 500 185 541; x_wconf 85' lang='lat' dir='ltr'>Bal.</span> 
     </span>
    </p>
   </div>
   <div class='ocr_carea' id='block_1_4' title="bbox 94 557 194 598">
    <p class='ocr_par' dir='ltr' id='par_1_4' title="bbox 94 557 194 598">
     <span class='ocr_line' id='line_1_5' title="bbox 94 557 194 598; baseline 0 0"><span class='ocrx_word' id='word_1_11' title='bbox 94 557 194 598; x_wconf 88' lang='lat' dir='ltr'>Hir.</span> 
     </span>
    </p>
   </div>
   <div class='ocr_carea' id='block_1_5' title="bbox 94 845 171 887">
    <p class='ocr_par' dir='ltr' id='par_1_5' title="bbox 94 845 171 887">
     <span class='ocr_line' id='line_1_6' title="bbox 94 845 171 887; baseline -0.029 0"><span class='ocrx_word' id='word_1_12' title='bbox 94 845 171 887; x_wconf 90' lang='lat' dir='ltr'>Vil.</span> 
     </span>
    </p>
   </div>
   <div class='ocr_carea' id='block_1_6' title="bbox 91 903 194 944">
    <p class='ocr_par' dir='ltr' id='par_1_6' title="bbox 91 903 194 944">
     <span class='ocr_line' id='line_1_7' title="bbox 91 903 194 944; baseline 0.01 -1"><span class='ocrx_word' id='word_1_13' title='bbox 91 903 194 944; x_wconf 89' lang='lat' dir='ltr'>Hir.</span> 
     </span>
    </p>
   </div>
   <div class='ocr_carea' id='block_1_7' title="bbox 89 1017 191 1232">
    <p class='ocr_par' dir='ltr' id='par_1_7' title="bbox 89 1017 181 1232">
     <span class='ocr_line' id='line_1_8' title="bbox 92 1017 170 1060; baseline -0.026 0"><span class='ocrx_word' id='word_1_14' title='bbox 92 1017 170 1060; x_wconf 87' lang='lat' dir='ltr'>Vil.</span> 
     </span>
     <span class='ocr_line' id='line_1_9' title="bbox 90 1075 181 1116; baseline 0.011 -1"><span class='ocrx_word' id='word_1_15' title='bbox 90 1075 181 1116; x_wconf 86' lang='lat' dir='ltr'>Bal.</span> 
     </span>
     <span class='ocr_line' id='line_1_10' title="bbox 89 1133 191 1175; baseline 0 -2"><span class='ocrx_word' id='word_1_16' title='bbox 89 1133 191 1175; x_wconf 86' lang='lat' dir='ltr'>Hir.</span> 
     </span>
     <span class='ocr_line' id='line_1_11' title="bbox 92 1191 171 1232; baseline -0.014 0"><span class='ocrx_word' id='word_1_17' title='bbox 92 1191 171 1232; x_wconf 87' lang='lat' dir='ltr'>Vil.</span> 
     </span>
    </p>
   </div>
   <div class='ocr_carea' id='block_1_8' title="bbox 88 1248 191 1289">
    <p class='ocr_par' dir='ltr' id='par_1_8' title="bbox 88 1248 191 1289">
     <span class='ocr_line' id='line_1_12' title="bbox 88 1248 191 1289; baseline 0.01 -1"><span class='ocrx_word' id='word_1_18' title='bbox 88 1248 191 1289; x_wconf 88' lang='lat' dir='ltr'>Hir.</span> 
     </span>
    </p>
   </div>
   <div class='ocr_carea' id='block_1_9' title="bbox 91 1421 168 1463">
    <p class='ocr_par' dir='ltr' id='par_1_9' title="bbox 91 1421 168 1463">
     <span class='ocr_line' id='line_1_13' title="bbox 91 1421 168 1463; baseline -0.013 0"><span class='ocrx_word' id='word_1_19' title='bbox 91 1421 131 1463; x_wconf 91' lang='lat' dir='ltr'><em>V</em></span> <span class='ocrx_word' id='word_1_20' title='bbox 128 1422 168 1462; x_wconf 92' lang='lat' dir='ltr'>il.</span> 
     </span>
    </p>
   </div>
   <div class='ocr_carea' id='block_1_10' title="bbox 87 1653 191 1810">
    <p class='ocr_par' dir='ltr' id='par_1_10' title="bbox 87 1653 180 1810">
     <span class='ocr_line' id='line_1_14' title="bbox 88 1653 180 1694; baseline -0.011 0"><span class='ocrx_word' id='word_1_21' title='bbox 88 1653 180 1694; x_wconf 85' lang='lat' dir='ltr'>Bal.</span> 
     </span>
     <span class='ocr_line' id='line_1_15' title="bbox 87 1711 191 1752; baseline -0.011 -1"><span class='ocrx_word' id='word_1_22' title='bbox 87 1711 191 1752; x_wconf 87' lang='lat' dir='ltr'>Hir.</span> 
     </span>
     <span class='ocr_line' id='line_1_16' title="bbox 87 1768 178 1810; baseline 0 -1"><span class='ocrx_word' id='word_1_23' title='bbox 87 1768 178 1810; x_wconf 83' lang='lat' dir='ltr'>Bal.</span> 
     </span>
    </p>
   </div>
   <div class='ocr_carea' id='block_1_11' title="bbox 85 1943 179 2157">
    <p class='ocr_par' dir='ltr' id='par_1_11' title="bbox 85 1943 179 2157">
     <span class='ocr_line' id='line_1_17' title="bbox 89 1943 167 1984; baseline -0.029 0"><span class='ocrx_word' id='word_1_24' title='bbox 89 1943 127 1984; x_wconf 91' lang='lat' dir='ltr'><em>V</em></span> <span class='ocrx_word' id='word_1_25' title='bbox 125 1943 167 1983; x_wconf 83' lang='lat' dir='ltr'>tl</span> 
     </span>
     <span class='ocr_line' id='line_1_18' title="bbox 86 2000 178 2041; baseline -0.012 0"><span class='ocrx_word' id='word_1_26' title='bbox 86 2000 178 2041; x_wconf 89' lang='lat' dir='ltr'>Bal.</span> 
     </span>
     <span class='ocr_line' id='line_1_19' title="bbox 89 2058 168 2100; baseline -0.028 0"><span class='ocrx_word' id='word_1_27' title='bbox 89 2058 130 2100; x_wconf 92' lang='lat' dir='ltr'><em>V</em></span> <span class='ocrx_word' id='word_1_28' title='bbox 126 2058 168 2099; x_wconf 77' lang='lat' dir='ltr'>zl</span> 
     </span>
     <span class='ocr_line' id='line_1_20' title="bbox 85 2116 179 2157; baseline -0.011 0"><span class='ocrx_word' id='word_1_29' title='bbox 85 2116 179 2157; x_wconf 87' lang='lat' dir='ltr'>Bal.</span> 
     </span>
    </p>
   </div>
   <div class='ocr_carea' id='block_1_12' title="bbox 260 270 1557 2052">
    <p class='ocr_par' dir='ltr' id='par_1_12' title="bbox 267 270 1553 440">
     <span class='ocr_line' id='line_1_21' title="bbox 481 270 1553 325; baseline 0.004 -13"><span class='ocrx_word' id='word_1_30' title='bbox 481 270 645 312; x_wconf 85' lang='lat' dir='ltr'>Ballada</span> <span class='ocrx_word' id='word_1_31' title='bbox 676 282 715 311; x_wconf 88' lang='lat' dir='ltr'>te</span> <span class='ocrx_word' id='word_1_32' title='bbox 747 272 946 325; x_wconf 83' lang='lat' dir='ltr'>quaesivit,</span> <span class='ocrx_word' id='word_1_33' title='bbox 978 273 1165 325; x_wconf 86' lang='lat' dir='ltr'>quaesivit</span> <span class='ocrx_word' id='word_1_34' title='bbox 1197 274 1336 325; x_wconf 85' lang='lat' dir='ltr'>modo,</span> <span class='ocrx_word' id='word_1_35' title='bbox 1518 295 1553 316; x_wconf 64' lang='grc' dir='ltr'>αι</span> 
     </span>
     <span class='ocr_line' id='line_1_22' title="bbox 267 329 1315 383; baseline 0.003 -15"><span class='ocrx_word' id='word_1_36' title='bbox 267 329 408 383; x_wconf 90' lang='lat' dir='ltr'><strong>Atque</strong></span> <span class='ocrx_word' id='word_1_37' title='bbox 438 330 504 369; x_wconf 87' lang='lat' dir='ltr'>hic</span> <span class='ocrx_word' id='word_1_38' title='bbox 536 343 632 368; x_wconf 87' lang='lat' dir='ltr'>mox</span> <span class='ocrx_word' id='word_1_39' title='bbox 663 329 790 369; x_wconf 90' lang='lat' dir='ltr'>aderit</span> <span class='ocrx_word' id='word_1_40' title='bbox 820 330 893 369; x_wconf 88' lang='lat' dir='ltr'>tibi</span> <span class='ocrx_word' id='word_1_41' title='bbox 925 329 1165 383; x_wconf 86' lang='lat' dir='ltr'>supplicans,</span> <span class='ocrx_word' id='word_1_42' title='bbox 1198 345 1315 371; x_wconf 89' lang='lat' dir='ltr'>orans</span> 
     </span>
     <span class='ocr_line' id='line_1_23' title="bbox 267 387 689 440; baseline -0.002 -13"><span class='ocrx_word' id='word_1_43' title='bbox 267 387 348 428; x_wconf 86' lang='lat' dir='ltr'>Sibi</span> <span class='ocrx_word' id='word_1_44' title='bbox 379 397 423 426; x_wconf 90' lang='lat' dir='ltr'>vt</span> <span class='ocrx_word' id='word_1_45' title='bbox 454 387 689 440; x_wconf 81' lang='lat' dir='ltr'>ignosceres.</span> 
     </span>
    </p>

    <p class='ocr_par' dir='ltr' id='par_1_13' title="bbox 725 444 1347 555">
     <span class='ocr_line' id='line_1_24' title="bbox 725 444 1103 485; baseline 0.003 -1"><span class='ocrx_word' id='word_1_46' title='bbox 725 444 839 484; x_wconf 90' lang='lat' dir='ltr'>Itane</span> <span class='ocrx_word' id='word_1_47' title='bbox 873 458 938 484; x_wconf 88' lang='lat' dir='ltr'>me</span> <span class='ocrx_word' id='word_1_48' title='bbox 971 444 1103 485; x_wconf 86' lang='lat' dir='ltr'>ludis?</span> 
     </span>
     <span class='ocr_line' id='line_1_25' title="bbox 1107 502 1347 555; baseline 0.013 -14"><span class='ocrx_word' id='word_1_49' title='bbox 1107 502 1347 555; x_wconf 84' lang='lat' dir='ltr'><strong>planissime.</strong></span> 
     </span>
    </p>

    <p class='ocr_par' dir='ltr' id='par_1_14' title="bbox 264 557 1557 842">
     <span class='ocr_line' id='line_1_26' title="bbox 267 557 1244 614; baseline 0.003 -16"><span class='ocrx_word' id='word_1_50' title='bbox 267 557 442 614; x_wconf 84' lang='lat' dir='ltr'>Egone?</span> <span class='ocrx_word' id='word_1_51' title='bbox 482 558 579 612; x_wconf 90' lang='lat' dir='ltr'>quid</span> <span class='ocrx_word' id='word_1_52' title='bbox 610 559 710 598; x_wconf 86' lang='lat' dir='ltr'>mihi</span> <span class='ocrx_word' id='word_1_53' title='bbox 742 558 842 598; x_wconf 90' lang='lat' dir='ltr'>lucri</span> <span class='ocrx_word' id='word_1_54' title='bbox 875 569 976 599; x_wconf 89' lang='lat' dir='ltr'>esset</span> <span class='ocrx_word' id='word_1_55' title='bbox 1006 570 1045 599; x_wconf 88' lang='lat' dir='ltr'>te</span> <span class='ocrx_word' id='word_1_56' title='bbox 1077 559 1244 601; x_wconf 89' lang='lat' dir='ltr'>ludere?</span> 
     </span>
     <span class='ocr_line' id='line_1_27' title="bbox 265 615 1557 671; baseline 0.002 -16"><span class='ocrx_word' id='word_1_57' title='bbox 265 617 379 668; x_wconf 89' lang='lat' dir='ltr'>proin</span> <span class='ocrx_word' id='word_1_58' title='bbox 412 615 521 656; x_wconf 87' lang='lat' dir='ltr'>illam</span> <span class='ocrx_word' id='word_1_59' title='bbox 553 617 698 656; x_wconf 90' lang='lat' dir='ltr'>habere</span> <span class='ocrx_word' id='word_1_60' title='bbox 730 617 759 656; x_wconf 91' lang='lat' dir='ltr'>si</span> <span class='ocrx_word' id='word_1_61' title='bbox 792 617 1012 656; x_wconf 88' lang='lat' dir='ltr'>obnoxiam</span> <span class='ocrx_word' id='word_1_62' title='bbox 1044 617 1140 657; x_wconf 88' lang='lat' dir='ltr'>velis</span> <span class='ocrx_word' id='word_1_63' title='bbox 1516 640 1557 671; x_wconf 76' lang='lat'>²5</span> 
     </span>
     <span class='ocr_line' id='line_1_28' title="bbox 265 671 1164 727; baseline 0.002 -14"><span class='ocrx_word' id='word_1_64' title='bbox 265 674 331 713; x_wconf 91' lang='lat' dir='ltr'>Ne</span> <span class='ocrx_word' id='word_1_65' title='bbox 363 671 567 713; x_wconf 88' lang='lat' dir='ltr'>offendere</span> <span class='ocrx_word' id='word_1_66' title='bbox 598 674 763 726; x_wconf 88' lang='lat' dir='ltr'>posthac</span> <span class='ocrx_word' id='word_1_67' title='bbox 795 688 974 727; x_wconf 89' lang='lat' dir='ltr'>vnquam</span> <span class='ocrx_word' id='word_1_68' title='bbox 1005 674 1164 727; x_wconf 85' lang='lat' dir='ltr'>audeat,</span> 
     </span>
     <span class='ocr_line' id='line_1_29' title="bbox 265 730 1555 776; baseline 0.005 -6"><span class='ocrx_word' id='word_1_69' title='bbox 265 730 362 771; x_wconf 90' lang='lat' dir='ltr'>Noli</span> <span class='ocrx_word' id='word_1_70' title='bbox 395 730 506 770; x_wconf 91' lang='lat' dir='ltr'>illam</span> <span class='ocrx_word' id='word_1_71' title='bbox 534 745 630 771; x_wconf 89' lang='lat' dir='ltr'>cum</span> <span class='ocrx_word' id='word_1_72' title='bbox 661 732 711 771; x_wconf 89' lang='lat' dir='ltr'>ad</span> <span class='ocrx_word' id='word_1_73' title='bbox 742 742 781 771; x_wconf 90' lang='lat' dir='ltr'>te</span> <span class='ocrx_word' id='word_1_74' title='bbox 809 731 1017 772; x_wconf 80' lang='lat' dir='ltr'>advenerit</span> <span class='ocrx_word' id='word_1_75' title='bbox 1048 733 1122 772; x_wconf 87' lang='lat' dir='ltr'>nisi</span> <span class='ocrx_word' id='word_1_76' title='bbox 1156 733 1398 775; x_wconf 87' lang='lat' dir='ltr'>truculentis</span> <span class='ocrx_word' id='word_1_77' title='bbox 1426 735 1555 776; x_wconf 91' lang='lat' dir='ltr'>oculis</span> 
     </span>
     <span class='ocr_line' id='line_1_30' title="bbox 264 788 470 842; baseline 0 -14"><span class='ocrx_word' id='word_1_78' title='bbox 264 788 470 842; x_wconf 87' lang='lat' dir='ltr'>Aspicere.</span> 
     </span>
    </p>

    <p class='ocr_par' dir='ltr' id='par_1_15' title="bbox 478 845 836 887">
     <span class='ocr_line' id='line_1_31' title="bbox 478 845 836 887; baseline -0.003 0"><span class='ocrx_word' id='word_1_79' title='bbox 478 845 635 887; x_wconf 87' lang='lat' dir='ltr'>Siccine</span> <span class='ocrx_word' id='word_1_80' title='bbox 666 846 836 887; x_wconf 88' lang='lat' dir='ltr'>suades?</span> 
     </span>
    </p>

    <p class='ocr_par' dir='ltr' id='par_1_16' title="bbox 261 903 1556 1405">
     <span class='ocr_line' id='line_1_32' title="bbox 852 903 1037 957; baseline 0.005 -13"><span class='ocrx_word' id='word_1_81' title='bbox 852 903 891 944; x_wconf 85' lang='lat' dir='ltr'>Si</span> <span class='ocrx_word' id='word_1_82' title='bbox 924 905 1037 957; x_wconf 86' lang='lat' dir='ltr'>sapis,</span> 
     </span>
     <span class='ocr_line' id='line_1_33' title="bbox 263 961 1384 1015; baseline 0.003 -13"><span class='ocrx_word' id='word_1_83' title='bbox 263 961 374 1002; x_wconf 85' lang='lat' dir='ltr'>Cave</span> <span class='ocrx_word' id='word_1_84' title='bbox 406 976 457 1001; x_wconf 87' lang='lat' dir='ltr'>ne</span> <span class='ocrx_word' id='word_1_85' title='bbox 489 962 657 1001; x_wconf 90' lang='lat' dir='ltr'>verbum</span> <span class='ocrx_word' id='word_1_86' title='bbox 688 975 816 1002; x_wconf 91' lang='lat' dir='ltr'>vnum</span> <span class='ocrx_word' id='word_1_87' title='bbox 848 974 1034 1015; x_wconf 90' lang='lat' dir='ltr'>erumpat</span> <span class='ocrx_word' id='word_1_88' title='bbox 1065 962 1384 1005; x_wconf 83' lang='lat' dir='ltr'>molliusculum.</span> 
     </span>
     <span class='ocr_line' id='line_1_34' title="bbox 262 1018 636 1072; baseline 0.003 -14"><span class='ocrx_word' id='word_1_89' title='bbox 262 1018 345 1059; x_wconf 90' lang='lat' dir='ltr'>fieri</span> <span class='ocrx_word' id='word_1_90' title='bbox 378 1034 462 1059; x_wconf 91' lang='lat' dir='ltr'>non</span> <span class='ocrx_word' id='word_1_91' title='bbox 494 1029 636 1072; x_wconf 85' lang='lat' dir='ltr'>potest.</span> 
     </span>
     <span class='ocr_line' id='line_1_35' title="bbox 635 1076 825 1117; baseline 0 -1"><span class='ocrx_word' id='word_1_92' title='bbox 635 1076 825 1117; x_wconf 88' lang='lat' dir='ltr'>creditur.</span> 
     </span>
     <span class='ocr_line' id='line_1_36' title="bbox 847 1135 1556 1189; baseline 0.011 -15"><span class='ocrx_word' id='word_1_93' title='bbox 847 1135 910 1175; x_wconf 89' lang='lat' dir='ltr'>fac</span> <span class='ocrx_word' id='word_1_94' title='bbox 941 1135 1167 1187; x_wconf 87' lang='lat' dir='ltr'>periculum</span> <span class='ocrx_word' id='word_1_95' title='bbox 1199 1137 1334 1177; x_wconf 90' lang='lat' dir='ltr'>modo.</span> <span class='ocrx_word' id='word_1_96' title='bbox 1513 1158 1556 1189; x_wconf 81' lang='lat'>30</span> 
     </span>
     <span class='ocr_line' id='line_1_37' title="bbox 261 1191 933 1245; baseline 0.001 -14"><span class='ocrx_word' id='word_1_97' title='bbox 261 1191 458 1232; x_wconf 84' lang='lat' dir='ltr'>Tentabo</span> <span class='ocrx_word' id='word_1_98' title='bbox 487 1191 586 1245; x_wconf 92' lang='lat' dir='ltr'>quid</span> <span class='ocrx_word' id='word_1_99' title='bbox 618 1206 779 1244; x_wconf 80' lang='lat' dir='ltr'>possum</span> <span class='ocrx_word' id='word_1_100' title='bbox 811 1202 933 1232; x_wconf 86' lang='lat' dir='ltr'>certe.</span> 
     </span>
     <span class='ocr_line' id='line_1_38' title="bbox 962 1249 1493 1295; baseline 0.008 -5"><span class='ocrx_word' id='word_1_101' title='bbox 962 1249 1117 1290; x_wconf 89' lang='lat' dir='ltr'>Eccam</span> <span class='ocrx_word' id='word_1_102' title='bbox 1150 1251 1229 1291; x_wconf 90' lang='lat' dir='ltr'>iam</span> <span class='ocrx_word' id='word_1_103' title='bbox 1263 1251 1374 1293; x_wconf 86' lang='lat' dir='ltr'>illam</span> <span class='ocrx_word' id='word_1_104' title='bbox 1407 1254 1493 1295; x_wconf 92' lang='lat' dir='ltr'>tibi.</span> 
     </span>
     <span class='ocr_line' id='line_1_39' title="bbox 263 1305 1555 1360; baseline 0.006 -15"><span class='ocrx_word' id='word_1_105' title='bbox 263 1307 326 1346; x_wconf 89' lang='lat' dir='ltr'>hei</span> <span class='ocrx_word' id='word_1_106' title='bbox 369 1307 467 1346; x_wconf 91' lang='lat' dir='ltr'>mihi</span> <span class='ocrx_word' id='word_1_107' title='bbox 509 1321 592 1360; x_wconf 88' lang='lat' dir='ltr'>quo</span> <span class='ocrx_word' id='word_1_108' title='bbox 632 1317 672 1346; x_wconf 90' lang='lat' dir='ltr'>te</span> <span class='ocrx_word' id='word_1_109' title='bbox 712 1305 822 1360; x_wconf 86' lang='lat' dir='ltr'>agis?</span> <span class='ocrx_word' id='word_1_110' title='bbox 863 1306 928 1347; x_wconf 91' lang='lat' dir='ltr'>Ve</span> <span class='ocrx_word' id='word_1_111' title='bbox 964 1308 1064 1347; x_wconf 89' lang='lat' dir='ltr'>mihi</span> <span class='ocrx_word' id='word_1_112' title='bbox 1105 1320 1244 1349; x_wconf 86' lang='lat' dir='ltr'>actum</span> <span class='ocrx_word' id='word_1_113' title='bbox 1280 1320 1339 1350; x_wconf 91' lang='lat' dir='ltr'>est</span> <span class='ocrx_word' id='word_1_114' title='bbox 1375 1311 1424 1351; x_wconf 93' lang='lat' dir='ltr'>de</span> <span class='ocrx_word' id='word_1_115' title='bbox 1460 1326 1555 1353; x_wconf 90' lang='lat' dir='ltr'>meo</span> 
     </span>
     <span class='ocr_line' id='line_1_40' title="bbox 377 1364 547 1405; baseline 0.006 -1"><span class='ocrx_word' id='word_1_116' title='bbox 377 1364 547 1405; x_wconf 88' lang='lat' dir='ltr'>sudario.</span> 
     </span>
    </p>

    <p class='ocr_par' dir='ltr' id='par_1_17' title="bbox 260 1421 1552 1989">
     <span class='ocr_line' id='line_1_41' title="bbox 262 1421 1182 1477; baseline 0.002 -15"><span class='ocrx_word' id='word_1_117' title='bbox 262 1422 378 1469; x_wconf 91' lang='lat' dir='ltr'>Quid</span> <span class='ocrx_word' id='word_1_118' title='bbox 407 1422 437 1462; x_wconf 93' lang='lat' dir='ltr'>si</span> <span class='ocrx_word' id='word_1_119' title='bbox 470 1436 561 1462; x_wconf 88' lang='lat' dir='ltr'>mea</span> <span class='ocrx_word' id='word_1_120' title='bbox 591 1421 755 1462; x_wconf 80' lang='lat' dir='ltr'>Ballada</span> <span class='ocrx_word' id='word_1_121' title='bbox 786 1422 885 1461; x_wconf 90' lang='lat' dir='ltr'>mihi</span> <span class='ocrx_word' id='word_1_122' title='bbox 916 1425 1182 1477; x_wconf 82' lang='lat' dir='ltr'>succensebit,</span> 
     </span>
     <span class='ocr_line' id='line_1_42' title="bbox 260 1479 1072 1521; baseline 0.001 -1"><span class='ocrx_word' id='word_1_123' title='bbox 260 1479 373 1520; x_wconf 87' lang='lat' dir='ltr'>Illius</span> <span class='ocrx_word' id='word_1_124' title='bbox 403 1490 541 1520; x_wconf 89' lang='lat' dir='ltr'>tamen</span> <span class='ocrx_word' id='word_1_125' title='bbox 574 1480 630 1519; x_wconf 89' lang='lat' dir='ltr'>ira</span> <span class='ocrx_word' id='word_1_126' title='bbox 661 1479 729 1519; x_wconf 91' lang='lat' dir='ltr'>diu</span> <span class='ocrx_word' id='word_1_127' title='bbox 761 1494 844 1519; x_wconf 91' lang='lat' dir='ltr'>non</span> <span class='ocrx_word' id='word_1_128' title='bbox 876 1482 1072 1521; x_wconf 88' lang='lat' dir='ltr'>manebit.</span> 
     </span>
     <span class='ocr_line' id='line_1_43' title="bbox 262 1536 1550 1594; baseline 0.005 -18"><span class='ocrx_word' id='word_1_129' title='bbox 262 1537 377 1584; x_wconf 89' lang='lat' dir='ltr'>Quid</span> <span class='ocrx_word' id='word_1_130' title='bbox 409 1552 503 1593; x_wconf 87' lang='lat' dir='ltr'>ergo</span> <span class='ocrx_word' id='word_1_131' title='bbox 535 1551 600 1576; x_wconf 90' lang='lat' dir='ltr'>me</span> <span class='ocrx_word' id='word_1_132' title='bbox 632 1551 743 1577; x_wconf 91' lang='lat' dir='ltr'>nunc</span> <span class='ocrx_word' id='word_1_133' title='bbox 775 1536 908 1591; x_wconf 86' lang='lat' dir='ltr'>fugis?</span> <span class='ocrx_word' id='word_1_134' title='bbox 950 1538 1338 1592; x_wconf 86' lang='lat' dir='ltr'>redamplexandum</span> <span class='ocrx_word' id='word_1_135' title='bbox 1371 1552 1442 1593; x_wconf 89' lang='lat' dir='ltr'>est,</span> <span class='ocrx_word' id='word_1_136' title='bbox 1510 1560 1550 1594; x_wconf 81' lang='lat'>35</span> 
     </span>
     <span class='ocr_line' id='line_1_44' title="bbox 260 1595 1328 1650; baseline 0.004 -16"><span class='ocrx_word' id='word_1_137' title='bbox 260 1596 371 1635; x_wconf 91' lang='lat' dir='ltr'>Nam</span> <span class='ocrx_word' id='word_1_138' title='bbox 401 1595 629 1635; x_wconf 88' lang='lat' dir='ltr'>amantium</span> <span class='ocrx_word' id='word_1_139' title='bbox 661 1595 730 1634; x_wconf 88' lang='lat' dir='ltr'>irae</span> <span class='ocrx_word' id='word_1_140' title='bbox 763 1595 909 1635; x_wconf 89' lang='lat' dir='ltr'>amoris</span> <span class='ocrx_word' id='word_1_141' title='bbox 940 1596 1227 1650; x_wconf 85' lang='lat' dir='ltr'>redintegratio</span> <span class='ocrx_word' id='word_1_142' title='bbox 1257 1609 1328 1639; x_wconf 87' lang='lat' dir='ltr'>est.</span> 
     </span>
     <span class='ocr_line' id='line_1_45' title="bbox 263 1653 1531 1706; baseline 0.005 -14"><span class='ocrx_word' id='word_1_143' title='bbox 263 1653 345 1704; x_wconf 88' lang='lat' dir='ltr'>Ha,</span> <span class='ocrx_word' id='word_1_144' title='bbox 380 1653 459 1704; x_wconf 89' lang='lat' dir='ltr'>Ha,</span> <span class='ocrx_word' id='word_1_145' title='bbox 493 1653 571 1692; x_wconf 92' lang='lat' dir='ltr'>He.</span> <span class='ocrx_word' id='word_1_146' title='bbox 633 1667 757 1706; x_wconf 89' lang='lat' dir='ltr'>quam</span> <span class='ocrx_word' id='word_1_147' title='bbox 790 1663 848 1703; x_wconf 91' lang='lat' dir='ltr'>tu,</span> <span class='ocrx_word' id='word_1_148' title='bbox 883 1653 1064 1705; x_wconf 88' lang='lat' dir='ltr'>Hirsute‚</span> <span class='ocrx_word' id='word_1_149' title='bbox 1096 1655 1213 1695; x_wconf 84' lang='lat' dir='ltr'>sudas</span> <span class='ocrx_word' id='word_1_150' title='bbox 1242 1656 1327 1696; x_wconf 88' lang='lat' dir='ltr'>sine</span> <span class='ocrx_word' id='word_1_151' title='bbox 1358 1656 1531 1699; x_wconf 85' lang='lat' dir='ltr'>sudario.</span> 
     </span>
     <span class='ocr_line' id='line_1_46' title="bbox 261 1710 1129 1752; baseline 0.002 -2"><span class='ocrx_word' id='word_1_152' title='bbox 261 1711 386 1750; x_wconf 92' lang='lat' dir='ltr'>Abite</span> <span class='ocrx_word' id='word_1_153' title='bbox 417 1711 513 1750; x_wconf 89' lang='lat' dir='ltr'>hinc</span> <span class='ocrx_word' id='word_1_154' title='bbox 544 1710 664 1750; x_wconf 88' lang='lat' dir='ltr'>ambo</span> <span class='ocrx_word' id='word_1_155' title='bbox 697 1710 737 1749; x_wconf 92' lang='lat' dir='ltr'>in</span> <span class='ocrx_word' id='word_1_156' title='bbox 770 1710 919 1750; x_wconf 85' lang='lat' dir='ltr'>malam</span> <span class='ocrx_word' id='word_1_157' title='bbox 951 1725 1129 1752; x_wconf 86' lang='lat' dir='ltr'>crucem.</span> 
     </span>
     <span class='ocr_line' id='line_1_47' title="bbox 260 1767 1465 1822; baseline 0.002 -13"><span class='ocrx_word' id='word_1_158' title='bbox 260 1768 340 1821; x_wconf 92' lang='lat' dir='ltr'>Ha,</span> <span class='ocrx_word' id='word_1_159' title='bbox 374 1768 454 1819; x_wconf 92' lang='lat' dir='ltr'>Ha,</span> <span class='ocrx_word' id='word_1_160' title='bbox 488 1768 568 1819; x_wconf 88' lang='lat' dir='ltr'>He,</span> <span class='ocrx_word' id='word_1_161' title='bbox 600 1767 732 1807; x_wconf 90' lang='lat' dir='ltr'>multo</span> <span class='ocrx_word' id='word_1_162' title='bbox 763 1782 858 1807; x_wconf 91' lang='lat' dir='ltr'>cum</span> <span class='ocrx_word' id='word_1_163' title='bbox 890 1768 1034 1808; x_wconf 85' lang='lat' dir='ltr'>sudore</span> <span class='ocrx_word' id='word_1_164' title='bbox 1065 1780 1227 1822; x_wconf 88' lang='lat' dir='ltr'>partum</span> <span class='ocrx_word' id='word_1_165' title='bbox 1259 1771 1465 1813; x_wconf 89' lang='lat' dir='ltr'>sudarium</span> 
     </span>
     <span class='ocr_line' id='line_1_48' title="bbox 262 1824 1552 1881; baseline 0.001 -15"><span class='ocrx_word' id='word_1_166' title='bbox 262 1826 403 1874; x_wconf 88' lang='lat' dir='ltr'>Quam</span> <span class='ocrx_word' id='word_1_167' title='bbox 436 1840 510 1880; x_wconf 86' lang='lat' dir='ltr'>ego</span> <span class='ocrx_word' id='word_1_168' title='bbox 542 1825 647 1865; x_wconf 90' lang='lat' dir='ltr'>facili</span> <span class='ocrx_word' id='word_1_169' title='bbox 679 1824 826 1865; x_wconf 90' lang='lat' dir='ltr'>adscivi</span> <span class='ocrx_word' id='word_1_170' title='bbox 859 1824 1051 1881; x_wconf 88' lang='lat' dir='ltr'>negotio!</span> <span class='ocrx_word' id='word_1_171' title='bbox 1508 1850 1552 1880; x_wconf 89' lang='lat'>40</span> 
     </span>
     <span class='ocr_line' id='line_1_49' title="bbox 261 1882 1549 1935; baseline 0.004 -11"><span class='ocrx_word' id='word_1_172' title='bbox 261 1882 329 1924; x_wconf 89' lang='lat' dir='ltr'>De</span> <span class='ocrx_word' id='word_1_173' title='bbox 360 1884 518 1923; x_wconf 86' lang='lat' dir='ltr'>sudario</span> <span class='ocrx_word' id='word_1_174' title='bbox 549 1884 640 1935; x_wconf 90' lang='lat' dir='ltr'>hoc,</span> <span class='ocrx_word' id='word_1_175' title='bbox 664 1884 719 1923; x_wconf 92' lang='lat' dir='ltr'>mi</span> <span class='ocrx_word' id='word_1_176' title='bbox 748 1882 926 1935; x_wconf 88' lang='lat' dir='ltr'>Villane,</span> <span class='ocrx_word' id='word_1_177' title='bbox 950 1898 1015 1924; x_wconf 89' lang='lat' dir='ltr'>me</span> <span class='ocrx_word' id='word_1_178' title='bbox 1048 1884 1119 1925; x_wconf 92' lang='lat' dir='ltr'>tibi</span> <span class='ocrx_word' id='word_1_179' title='bbox 1153 1885 1385 1927; x_wconf 86' lang='lat' dir='ltr'>devinctam</span> <span class='ocrx_word' id='word_1_180' title='bbox 1414 1887 1549 1929; x_wconf 88' lang='lat' dir='ltr'>habes.</span> 
     </span>
     <span class='ocr_line' id='line_1_50' title="bbox 263 1940 495 1989; baseline 0.004 -8"><span class='ocrx_word' id='word_1_181' title='bbox 263 1941 377 1989; x_wconf 90' lang='lat' dir='ltr'>Quid</span> <span class='ocrx_word' id='word_1_182' title='bbox 408 1940 495 1982; x_wconf 86' lang='lat' dir='ltr'>est?</span> 
     </span>
    </p>

    <p class='ocr_par' dir='ltr' id='par_1_18' title="bbox 498 1997 1265 2052">
     <span class='ocr_line' id='line_1_51' title="bbox 498 1997 1265 2052; baseline 0.004 -14"><span class='ocrx_word' id='word_1_183' title='bbox 498 1997 744 2051; x_wconf 89' lang='lat' dir='ltr'>Depositum</span> <span class='ocrx_word' id='word_1_184' title='bbox 776 2013 906 2052; x_wconf 89' lang='lat' dir='ltr'>nuper</span> <span class='ocrx_word' id='word_1_185' title='bbox 936 2000 1041 2040; x_wconf 89' lang='lat' dir='ltr'>inter</span> <span class='ocrx_word' id='word_1_186' title='bbox 1072 2014 1145 2041; x_wconf 88' lang='lat' dir='ltr'>nos</span> <span class='ocrx_word' id='word_1_187' title='bbox 1175 2000 1265 2042; x_wconf 87' lang='lat' dir='ltr'>fuit.</span> 
     </span>
    </p>
   </div>
   <div class='ocr_carea' id='block_1_13' title="bbox 263 2055 947 2168">
    <p class='ocr_par' dir='ltr' id='par_1_19' title="bbox 263 2055 947 2168">
     <span class='ocr_line' id='line_1_52' title="bbox 263 2055 541 2104; baseline -0.004 -7"><span class='ocrx_word' id='word_1_188' title='bbox 263 2057 361 2104; x_wconf 89' lang='lat' dir='ltr'>Qua</span> <span class='ocrx_word' id='word_1_189' title='bbox 391 2056 439 2096; x_wconf 91' lang='lat' dir='ltr'>de</span> <span class='ocrx_word' id='word_1_190' title='bbox 470 2055 541 2096; x_wconf 89' lang='lat' dir='ltr'>re?</span> 
     </span>
     <span class='ocr_line' id='line_1_53' title="bbox 547 2113 947 2168; baseline 0.005 -15"><span class='ocrx_word' id='word_1_191' title='bbox 547 2113 596 2154; x_wconf 90' lang='lat' dir='ltr'>de</span> <span class='ocrx_word' id='word_1_192' title='bbox 627 2124 696 2153; x_wconf 85' lang='lat' dir='ltr'>tua</span> <span class='ocrx_word' id='word_1_193' title='bbox 727 2114 823 2168; x_wconf 87' lang='lat' dir='ltr'>fuga</span> <span class='ocrx_word' id='word_1_194' title='bbox 853 2114 947 2155; x_wconf 89' lang='lat' dir='ltr'>mei.</span> 
     </span>
    </p>
   </div>
  </div>
 </body>
</html>
