1731 2360
108 139 170 173 12

100 307 138 348 F
137 324 189 349 uc.

102 481 193 522 Cor.

101 539 138 579 F
137 555 191 580 uc.

100 711 200 754 Pru.

102 826 140 867 F
139 843 192 868 uc.

106 1115 142 1155 C
144 1130 197 1155 or.

104 1231 142 1271 F
141 1247 194 1272 uc.

104 1404 204 1445 Pru.

106 1461 195 1502 Fue.

107 1521 144 1560 C
145 1535 198 1560 or.

105 1578 143 1618 F
142 1594 193 1618 uc.

108 1925 199 1965 Cor.

105 1981 144 2021 F
143 1998 195 2023 uc.

709 126 953 176 FUCUS
1220 133 1344 187 [Aer.
1374 145 1408 184 1,
1437 131 1499 172 se.
1523 133 1567 170 2⁸

275 252 520 293 Humanum
552 265 610 293 est
643 269 784 294 errare.

786 312 929 352 eodem
961 322 1217 366 argumento,
1250 310 1434 361 Corneli,
1526 327 1564 360 75

275 366 389 408 Oves
409 378 503 408 sunt
527 369 723 408 homines.
785 369 876 410 vide
904 385 1028 423 quarn
1060 381 1105 410 tu
1134 384 1276 422 parum
1305 369 1406 422 sapis
1437 366 1568 421 philo-

388 426 585 478 sophiam.

275 481 428 535 Lepide
459 483 630 536 dictum,
662 494 901 536 praeceptor.

899 556 938 582 re
986 557 1078 583 vera
1125 541 1278 595 lepidus
1324 555 1416 582 sum
1464 553 1568 580 non-

389 612 602 652 nunquam
635 598 697 638 vel
729 599 921 654 ingratijs.

275 654 350 695 Sed
381 656 479 709 quid
510 667 555 696 tu
586 656 682 710 agis,
715 655 964 697 Prudentia?

273 712 442 753 Illorum
474 728 569 753 sane
601 714 817 754 hominum
849 729 915 754 me
946 715 1070 768 coepit
1101 714 1313 755 admiratio

275 769 362 817 Qui
395 771 533 811 inanes
565 771 658 811 istos
687 772 807 825 (quos
839 774 1058 824 memoras)
1089 772 1204 813 ludos
1234 773 1455 825 perferunt.
1525 781 1568 812 80

273 827 376 867 Sane
411 829 575 881 quidem
613 828 771 881 (dolens
802 829 912 883 dico)
943 830 1145 883 perplures
1181 831 1331 871 habent
1365 840 1567 882 patronos,

392 901 540 939 eosque
572 887 709 941 magni
742 887 933 939 nominis,

279 942 398 990 Quos
434 954 571 983 tamen
606 944 768 983 famosis
804 944 859 997 (id
895 945 1001 998 quod
1034 960 1140 998 saepe
1177 946 1349 985 antehac
1385 943 1569 997 fecimus)

392 1000 533 1040 libellis
565 1002 870 1054 exagitabimus,

278 1057 352 1099 Sed
384 1057 632 1110 clanculum,
665 1073 755 1098 mea
787 1057 1020 1112 Prudentia,
1052 1060 1193 1100 furtim
1224 1070 1264 1100 et
1295 1058 1542 1100 clanculum.

278 1116 337 1155 At
351 1115 473 1169 quid?
494 1131 688 1169 quorsum
713 1117 792 1156 huc
810 1118 967 1170 venisti,
986 1117 1237 1171 praeceptor?
1258 1117 1403 1171 ecquid
1421 1116 1569 1158 oblitus

394 1188 434 1214 es
456 1173 667 1214 Comediae
687 1173 699 1214 ?

277 1231 351 1273 Oh
383 1231 448 1271 odi
481 1232 691 1284 profanam
725 1232 987 1273 Comoediam
1019 1244 1058 1273 et
1089 1248 1219 1286 arceo,
1529 1242 1568 1282 85

278 1289 369 1329 Nec
400 1303 518 1342 supra
548 1290 783 1330 memoratis
816 1291 916 1330 ruris
947 1290 1109 1331 ludicris

280 1345 427 1387 Minus
458 1346 639 1387 illicitam
673 1358 772 1400 puto
803 1359 872 1387 aut
903 1349 1159 1401 pernitiosam
1192 1349 1339 1389 minus.

279 1404 440 1444 Rumor
470 1414 528 1444 est
560 1416 671 1445 certo
703 1405 967 1446 Comoediam
1000 1407 1250 1459 prodituram
1283 1405 1527 1459 propediem.

276 1462 336 1501 At
358 1477 571 1516 nunquam
594 1463 768 1515 prodibit
790 1478 896 1503 sane.

599 1519 837 1573 Quomodo,
858 1522 887 1561 si
911 1520 1054 1574 placet,
1078 1522 1155 1561 hoc
1176 1519 1369 1561 effectum
1391 1521 1574 1563 dederis?

279 1577 520 1629 Edisseram,
555 1593 650 1618 narn
688 1579 803 1631 pauci
840 1589 934 1619 sunt
971 1580 1094 1619 etiam
1130 1594 1232 1619 num
1270 1579 1310 1618 in
1347 1580 1421 1619 hac
1463 1580 1573 1620 Aca-

393 1636 524 1676 demia
554 1637 784 1689 superstites
1532 1657 1575 1690 90

281 1693 369 1734 Viri
394 1694 644 1747 integerrimi
667 1709 762 1734 sane
778 1694 847 1747 qui
868 1693 983 1734 ludos
1005 1695 1124 1734 hosce
1140 1695 1320 1734 scenicos
1335 1705 1576 1750 oppugnant

392 1762 587 1805 gnaviter.

280 1809 368 1849 Hos
400 1810 562 1849 irritabo
595 1809 832 1862 primulum,
865 1810 1034 1850 subinde
1065 1809 1269 1850 Iudicium
1302 1810 1544 1851 conveniam

283 1868 398 1907 cuius
427 1867 502 1920 (vti
536 1867 691 1920 ferunt)
722 1866 828 1907 filius
859 1867 1122 1908 Comoediam
1153 1877 1263 1907 amat
1294 1868 1458 1920 perdite.

281 1925 482 1978 Nunquid
514 1925 725 1979 Judicium
759 1936 879 1965 notus
909 1925 981 1964 tibi
1013 1935 1083 1965 aut
1115 1924 1349 1966 familiaris?

277 1982 488 2035 paululum
524 1997 632 2034 sane,
665 1998 807 2036 parum
843 1993 982 2023 autem
1020 1983 1095 2022 hoc
1132 1983 1265 2034 refert,
1296 1982 1427 2023 solent
1462 1983 1574 2024 enim

395 2041 473 2080 mei
506 2040 654 2080 similes
1533 2059 1573 2092 95

279 2097 328 2138 In
362 2098 536 2138 cuiusvis
567 2098 770 2138 insinuare
801 2112 842 2138 se
875 2097 1192 2138 familiaritatem
1225 2097 1286 2138 vel
1319 2098 1490 2138 minima
