1731 2360
135 130 201 180 26

136 431 226 473 Cor.

133 489 159 528 I
153 503 219 542 gn.

135 719 172 759 F
171 735 223 760 uc.

135 1007 219 1060 Ign.

139 1353 176 1393 F
174 1369 229 1395 uc.

138 1469 222 1521 Ign.

139 1526 227 1568 Fuc.

138 1642 225 1694 Ign.

140 1699 228 1740 Fuc.

141 1987 224 2040 Jgn.

139 2045 227 2086 Fuc.

743 132 990 181 FUCUS
1256 138 1384 193 [Aer.
1407 149 1447 190 2,
1469 137 1530 178 Sc.
1556 135 1600 178 2⁸

304 259 462 301 Confer
506 271 546 301 te
587 261 635 301 ad
683 260 948 301 Prudentiam
990 261 1203 313 hospitam,
1245 270 1285 300 et
1325 259 1454 300 verbis
1501 259 1602 299 meis

418 317 546 359 saluta

305 385 440 429 atque,
458 376 593 416 audin’
613 375 625 415 ?
656 375 720 415 dic
742 376 864 416 etiam
890 390 949 415 res
970 386 1124 415 nostras
1146 375 1377 428 processisse
1401 387 1598 427 prospere.

307 431 384 473 Eo.
1369 431 1486 486 [Exit
1509 431 1600 471 Cor.

427 491 585 531 Verum
604 491 667 530 dic
685 490 799 542 mihi,
821 490 957 530 anime
975 491 1045 542 mi,
1065 491 1244 530 haeretne
1262 505 1373 530 nunc
1395 488 1599 530 Iudicium

422 549 547 588 animi
582 547 779 601 pendulus

308 606 399 645 Nec
430 605 527 659 quid
558 617 663 659 agat,
694 605 834 645 stabile
865 618 923 645 est
955 605 1023 657 illi,
1056 604 1242 645 filiumne
1273 605 1376 645 sinat

310 662 571 703 Comoediam
604 664 749 703 ducere
781 678 831 702 an
864 664 996 715 potius
1028 662 1279 703 valedicere?
1561 682 1600 703 10

311 720 402 760 Imo
433 735 541 773 sane,
573 731 613 760 et
644 721 716 760 nisi
751 721 1030 760 intervenisset
1062 721 1164 760 forte
1195 721 1414 774 Ingenium

309 777 404 831 Spes
434 790 519 818 erat
552 778 666 817 illum
698 793 747 817 ex
779 779 980 818 sententia
1010 778 1224 818 dimovisse
1255 779 1472 831 protinam.

309 835 372 875 Ita
403 837 512 876 enim
546 836 702 875 homini
734 835 995 875 adblandibar
1026 836 1191 875 subdole

310 892 370 932 Vt
401 908 467 932 me
497 893 628 933 solum
661 907 752 932 vere
782 894 961 932 amicum
994 893 1080 945 sibi,
1112 904 1152 933 et
1186 892 1497 933 benevolentem
1529 908 1601 934 au-

425 952 601 990 tumauit
633 951 763 990 miser.

312 1007 494 1059 Ecastor,
543 1008 668 1059 Fuce,
718 1008 977 1047 meretricum
1026 1008 1075 1047 ad
1129 1023 1260 1048 mores
1311 1007 1511 1048 confictus
1559 1022 1601 1048 es

427 1065 463 1105 le
495 1066 569 1105 ide.
1565 1086 1577 1107 1

310 1122 396 1162 11]ae
415 1081 489 1162 vbi3
503 1122 651 1162 vetulae
669 1134 708 1163 et
728 1122 931 1163 edentulae
953 1123 1033 1162 sint
1056 1124 1275 1177 pigmentis
1295 1123 1455 1163 vultum
1479 1086 1602 1164 inter}

427 1180 581 1233 polant,

309 1237 458 1278 Itidem
490 1249 535 1278 tu
568 1237 776 1291 perfidiam
810 1238 1006 1278 malitiam
1038 1249 1264 1292 caeteraque
1293 1239 1418 1279 animi
1452 1239 1548 1279 vitia

313 1296 441 1335 Fietae
475 1296 755 1336 sanctimoniae
789 1296 883 1335 fuco
914 1306 954 1335 et
985 1297 1194 1349 probitatis
1223 1296 1362 1337 oculis.

312 1353 419 1394 Rem
452 1368 589 1393 revera
620 1364 746 1404 tenes,
779 1368 868 1393 mea
902 1352 1083 1407 Ignavia,

312 1411 475 1452 Bifrons
507 1426 582 1466 ego
613 1426 704 1451 sum
735 1425 844 1450 sane.

786 1468 949 1508 Bifrons
979 1467 1107 1521 quid?
1147 1484 1198 1509 an
1230 1469 1330 1509 alter
1360 1467 1518 1523 Janus?
1561 1489 1602 1511 ‘20

310 1526 436 1580 Janos
466 1541 540 1581 ego
572 1526 672 1565 nihil
705 1541 840 1566 moror
870 1541 946 1566 nec
978 1526 1184 1566 Troianos
1213 1527 1326 1579 adeo,

313 1583 475 1624 Bifrons
508 1585 674 1637 inquam
707 1598 810 1623 sum.

839 1640 953 1688 Quid
985 1642 1117 1682 isthuc
1147 1642 1256 1681 verbi
1288 1642 1376 1682 est?

1385 1700 1533 1740 audies.

312 1756 463 1797 Tristis
493 1757 678 1796 severitas
710 1757 813 1796 inest
845 1757 886 1795 in
918 1756 1048 1809 vultu,
1080 1757 1179 1796 dum
1209 1772 1300 1797 sum
1331 1758 1372 1796 in
1405 1757 1581 1810 publico,

312 1815 372 1854 At
403 1813 651 1865 clanculum,
683 1828 774 1854 mea
806 1815 1013 1865 recreatio,
1047 1814 1280 1854 clanculum
1311 1830 1435 1855 nemo
1465 1830 1532 1855 me

315 1871 556 1923 Lubentior,
594 1872 777 1911 festiuior
817 1886 953 1924 nemo,
988 1886 1110 1912 nemo
1151 1873 1220 1925 qui
1263 1873 1383 1926 genio
1421 1872 1604 1927 indulget

428 1943 566 1983 magis.

314 1985 387 2041 Dij
421 1997 461 2026 te
492 1987 702 2026 servassint
734 1986 848 2039 mihi,
881 1987 936 2027 ita
967 1998 1011 2027 tu
1041 1987 1142 2040 sapis
1164 1986 1284 2040 pleno
1315 1997 1490 2040 pectore.
1563 1997 1605 2030 26

311 2044 620 2098 Temperantiae
658 2059 748 2084 sum
785 2045 826 2083 in
865 2044 1028 2097 publico
1064 2055 1104 2084 et
1140 2045 1332 2086 castitatis
1368 2044 1604 2099 exemplum

428 2102 611 2154 vnicum,
