1731 2360
122 142 191 192 24

117 369 208 411 Phi.

123 543 226 583 Com.

119 600 210 641 Phi.

126 715 232 756 Com.

123 887 214 929 Phi.

126 1118 231 1158 Com.

125 1232 215 1273 Phi.

124 1406 230 1447 Com.

123 1579 214 1620 Phi.

126 1695 231 1735 Com.

123 1752 202 1793 Phi
207 1784 215 1793 .

123 1868 226 1908 Com.

122 1982 215 2023 Phi.

124 2041 228 2080 Com.

729 128 975 178 FUCUS
1243 135 1371 189 [Aer.
1395 146 1434 187 2,
1455 135 1519 177 Sc.
1547 139 1587 175 1a

295 255 467 302 Quanto
489 256 519 296 is
541 256 753 296 molimine
775 271 842 296 me
864 257 1052 297 miseram
1083 270 1149 296 me
1177 256 1378 296 eradicare
1399 257 1588 310 quaesivit

408 314 566 366 saepius.

290 368 438 412 Gravis
454 371 519 424 pol
535 372 619 411 scio
636 372 808 411 antehac
825 372 912 423 tibi,
931 371 1161 423 Comoedia,
1185 371 1429 411 adversarius
1448 371 1584 411 extitit

294 427 414 469 Dum
443 430 525 482 spei
557 429 655 482 quid
688 428 890 482 reliquum
922 439 1007 469 erat
1038 443 1104 468 me
1135 444 1158 468 a
1188 439 1228 468 te
1261 428 1460 469 divellere.
1568 437 1588 470 6

294 485 353 526 At
373 487 453 526 iam
472 487 631 526 desistet
647 496 705 526 sat
727 487 822 538 scio,
842 487 906 526 vbi
931 487 1036 526 hanc
1057 501 1170 539 spem
1191 486 1391 526 sublatam
1407 486 1586 526 senserit.

289 544 348 583 At
379 544 476 597 quid
507 544 536 583 si
569 555 679 596 pater
709 558 890 583 amorem
922 554 962 584 te
994 545 1104 584 hunc
1137 544 1336 596 deponere
1368 542 1535 584 iubeat?

293 600 416 641 Vnde
444 611 513 641 aut
542 616 614 641 cur
641 616 782 655 quaeso
810 612 944 642 metus
970 602 1037 641 hic
1063 602 1135 641 tibi
1170 602 1209 641 in
1238 602 1378 641 animo
1399 601 1587 642 subortus

408 669 451 698 vt
481 658 585 699 siet?

298 716 421 756 Certe
444 716 725 770 blandiloquus
746 726 804 756 est
827 717 900 756 iste
923 716 1058 757 Fucus
1080 727 1120 756 et
1143 716 1272 756 mulsa
1293 716 1473 770 loquitur
1550 736 1590 758 10

296 773 351 814 Et
383 775 529 814 miram
562 775 724 826 insuper
755 789 837 827 prae
870 789 909 814 se
942 775 1019 814 fert
1051 775 1258 827 probitatis
1287 775 1475 827 speciem.

295 831 465 884 Vereor,
482 832 537 870 mi
557 831 847 882 Philomathes,
864 846 915 871 ne
933 832 1041 872 hisce
1060 832 1162 871 forte
1181 832 1280 884 patri
1305 832 1487 884 imponat
1503 842 1588 872 tue.

299 889 398 928 Non
421 900 479 929 est
500 903 614 942 spero
636 890 712 929 hoc
740 890 849 942 quod
878 900 1034 929 metuas
1052 907 1062 938 ;
1096 904 1162 929 me
1183 904 1278 928 vero
1299 889 1408 942 quod
1429 889 1590 941 attinet,

296 945 343 985 In
378 946 465 1001 alijs
507 947 624 986 rebus
656 947 753 999 quid
789 946 918 986 valeat
960 947 1106 996 nescio,
1140 957 1180 986 at
1218 947 1258 986 in
1296 947 1370 986 hac
1413 961 1454 987 re
1489 945 1591 986 nihil

411 1002 654 1043 effecturum
685 1005 767 1044 scio

297 1060 359 1100 Vt
380 1061 449 1114 qui
472 1072 628 1101 amator
650 1061 880 1102 Comoediae
905 1062 985 1101 iarn
1006 1062 1098 1112 sim,
1117 1061 1305 1114 deinceps
1327 1076 1379 1101 ne
1400 1061 1513 1102 siem.
1553 1079 1589 1111 15

299 1118 422 1158 Haud
449 1133 588 1159 vereor
616 1119 646 1158 si
678 1120 718 1158 in
749 1129 788 1158 te
816 1118 901 1159 solo
929 1119 1052 1159 situm
1081 1120 1143 1169 sit,
1165 1129 1205 1158 at
1233 1118 1433 1159 voluntati
1456 1119 1591 1173 patris,

296 1176 366 1216 Te
399 1177 500 1216 forte
531 1177 560 1217 si
592 1192 615 1217 a
646 1191 711 1216 me
743 1176 945 1227 avelleret,
979 1177 1126 1216 durum
1159 1187 1216 1217 est
1249 1177 1436 1217 resistere.

301 1232 520 1274 Patremne
541 1244 626 1274 tam
650 1235 756 1286 parvi
781 1245 896 1287 putas
911 1249 992 1274 esse
1013 1234 1152 1286 animi,
1170 1244 1239 1274 aut
1262 1235 1412 1290 ingenij
1432 1233 1592 1275 mobilis

299 1301 340 1331 vt
372 1291 473 1331 Fuci
506 1291 710 1346 blanditijs
742 1293 894 1331 moveri
927 1293 1047 1345 possit
1078 1303 1147 1331 aut
1178 1291 1337 1347 offucijs

296 1347 421 1389 fidem
452 1364 576 1403 quam
608 1350 782 1413 Ingenio
813 1350 913 1402 patri
946 1360 1017 1389 tuo
1050 1349 1157 1389 dedit
1190 1349 1355 1390 fallere?
1551 1369 1592 1391 20

298 1406 413 1454 Quid
454 1418 595 1460 putem
638 1407 785 1459 nescio,
826 1407 893 1447 sed
937 1407 1036 1447 Fuci
1081 1406 1277 1447 malitiam
1319 1418 1359 1448 et
1399 1407 1592 1448 versutias

413 1475 566 1516 metuo,

299 1521 463 1569 Quibus
494 1522 559 1562 ille
590 1533 648 1562 sat
680 1523 762 1562 scio
794 1523 912 1562 hodie
944 1522 1024 1562 huc
1056 1523 1167 1563 venit
1200 1523 1542 1564 instructissimus.

302 1578 458 1620 Desine
488 1595 642 1633 quaeso,
675 1580 911 1631 Comoedia,
944 1580 1048 1620 male
1079 1580 1312 1632 ominarier,
1343 1590 1465 1634 atque
1495 1580 1573 1621 alio

298 1637 537 1678 Sermonem
570 1638 778 1678 ducamus.

804 1694 937 1735 Licet.

973 1753 1088 1800 Quid
1121 1752 1286 1794 Ballada
1316 1752 1476 1794 vestra?
1552 1773 1593 1803 24

294 1811 365 1850 An
384 1809 450 1850 illa
466 1820 526 1850 sat
543 1811 778 1850 humaniter
794 1825 913 1851 suum
933 1825 1087 1851 novum
1106 1821 1250 1851 tractat
1267 1809 1594 1851 amatorculum?

296 1866 563 1908 Admodum!
600 1867 715 1908 illum
746 1879 885 1908 autem
917 1868 1121 1909 misellum
1153 1879 1214 1908 tot
1245 1883 1354 1909 curae
1388 1868 1592 1909 divorsum

411 1926 650 1966 distrahunt.

298 1982 396 2036 Qua
428 1983 476 2023 de
509 1998 548 2023 re
579 1982 751 2037 quaeso?

764 2040 863 2088 Qua
894 2041 942 2081 de
975 2055 1015 2081 re
1048 2039 1190 2095 rogas?
1232 2056 1380 2095 nempe
1411 2041 1460 2082 de
1491 2040 1595 2082 ludis

412 2099 650 2139 exhibendis
680 2099 771 2139 suis.
