1731 2360
165 126 229 179 88
553 130 925 182 TEXTUAL
979 132 1036 182 N
1042 131 1231 182 OTES

158 267 233 288 vero
245 268 294 289 mc
307 258 595 300 intro...crq>uere.
639 260 669 291 O
685 260 832 292 attaches
848 260 940 292 these
952 261 1060 292 words
1076 259 1245 303 (omitting
1259 262 1268 277 ‘
1280 263 1348 294 me'
1363 262 1430 293 and
1448 265 1484 293 ‘a
1499 261 1595 294 nobis
1607 260 1629 303 ’)

158 304 194 332 to
211 301 267 332 the
282 301 404 342 speech
420 302 458 333 of
476 303 641 344 AEgidius.
696 303 802 344 sores.
849 304 878 335 L
894 304 990 335 foras.
1080 305 1359 345 Stage-directz'on.
1402 306 1550 337 Exeunt.
1599 305 1629 336 L

160 348 268 381 exeut,
286 345 318 377 O
335 346 433 376 omits
449 350 541 387 stage
557 346 718 378 direction
734 346 812 378 here
828 347 894 378 and
902 348 1041 388 passim.

225 432 298 463 Act
316 432 345 463 Ι.
393 433 454 465 Sc.
467 442 496 466 2.
545 434 565 466 1.
588 435 634 467 16.
668 436 745 476 fiat.
790 435 820 467 O
836 436 888 467 sit.
965 437 986 467 1.
1008 445 1059 476 25.
1103 436 1246 468 Tacitus.
1286 437 1314 467 L
1331 436 1458 469 tacitus.
1535 437 1556 469 l.
1574 447 1626 478 30.

151 477 442 517 prudentissimus.
493 478 523 509 L
545 479 802 519 potentissimus.
909 479 931 510 1.
951 488 1002 519 34.
1048 490 1113 510 non
1137 485 1182 510 est
1204 480 1396 511 exosculari.
1447 480 1477 511 L
1494 490 1562 511 non
1578 484 1628 512 est

159 520 367 551 exoscularis.
418 521 448 552 O
466 531 533 552 non
550 522 750 553 exosculare.
877 523 899 553 1.
918 532 968 563 37.
1017 533 1091 553 cave
1105 528 1198 554 tuam
1215 533 1255 554 ne
1277 523 1454 563 exporrige.
1500 523 1531 555 O
1551 523 1628 555 vide

157 566 194 593 tu
220 562 310 594 idem
337 563 437 594 facias
466 563 603 605 (adding
630 565 685 596 the
713 565 994 606 stage-direction‚
1027 566 1221 597 ‘Cornelius
1249 566 1433 608 imitatur').
1522 566 1546 597 l.
1572 566 1622 607 38.

157 606 293 637 Siccine.
355 606 386 638 O
404 607 439 639 Si
456 608 513 639 sic.
573 609 703 639 salutes.
765 609 934 640 Lsalutis.
1009 611 1012 614 ”
1047 609 1067 640 l.
1090 619 1141 651 39.
1179 610 1234 640 sic.
1296 610 1326 641 O
1343 609 1429 641 vide.
1528 610 1550 641 1.
1570 619 1622 650 40.

157 649 299 681 advorte.
347 649 377 681 O
395 650 548 682 aduertis.
607 652 703 683 After
717 651 782 683 this
798 652 875 691 line,
896 652 926 684 O
942 652 1002 683 has
1023 653 1164 684 ‘Verum
1181 653 1262 684 alias
1278 653 1333 684 vbi
1349 652 1481 684 dabitur
1496 652 1626 684 occasio

158 692 253 732 plura
276 693 476 724 documenta
499 693 611 725 dab0.’
720 695 740 726 1.
770 695 821 736 46.
867 700 935 727 tam
960 700 1095 737 repente.
1142 696 1172 728 O
1189 696 1231 727 de
1252 701 1399 738 repente.
1444 695 1539 728 After
1560 695 1625 728 this

156 734 224 766 line
248 735 279 767 O
302 736 363 768 has
389 737 489 768 ‘Pru
538 737 624 769 Tun'
648 738 774 770 nescis?
818 740 883 769 Fu.
923 744 952 770 st
982 738 1106 780 (nutat)
1131 750 1188 770 cur
1214 739 1350 779 inquam
1377 739 1464 770 intus
1491 744 1523 771 te
1549 739 1624 771 sub-

157 778 279 810 duxisti
296 784 364 810 tam
382 780 552 821 repente?'
626 782 648 812 1.
666 791 719 822 47.
765 782 900 822 impura
916 783 987 820 illa,
1006 787 1036 813 et
1052 783 1165 823 impia.
1215 783 1245 814 O
1262 783 1377 814 illicita
1392 782 1460 814 illa.
1535 783 1557 814 1.
1571 791 1624 822 50.

158 831 328 862 nugarum
344 825 651 856 commemoratione.
717 825 747 856 O
764 826 946 856 vanitatum
964 826 1171 867 repetitione.
1275 826 1296 857 l.
1319 836 1370 866 54.
1426 836 1538 867 quam.
1594 826 1624 857 L

157 865 260 906 quod.
400 867 421 897 l.
442 866 492 907 56.
527 868 648 909 ferme.
696 868 821 899 Ofere.
954 870 1046 909 l.57.
1095 869 1292 908 Qui...colit.
1340 869 1623 901 OVbi...colunt.

158 908 177 939 1.
199 907 252 939 60.
304 908 354 950 (ex
368 911 479 941 animo
489 911 629 951 precor).
676 911 706 943 O
724 922 800 942 vera
817 917 891 942 sunt
908 922 982 953 quae
998 922 1095 943 narro
1112 918 1220 953 atque.
1312 911 1335 942 1.
1353 912 1404 944 68.
1454 913 1545 944 Pislz.
1592 913 1623 946 O

157 951 257 982 Whu.
415 953 435 984 l.
459 962 509 993 72.
556 954 651 985 After
668 954 743 993 this,
764 955 794 987 O
812 955 929 986 inserts
947 956 1041 986 ‘Fun
1089 956 1254 987 Homines
1271 955 1426 987 Corneli?
1448 955 1551 987 immo
1568 956 1623 987 vix

157 994 249 1036 digni
266 996 322 1036 qui
337 997 546 1037 appellentur
562 997 737 1028 homines.'
819 998 841 1028 l.
862 1007 912 1038 74.
959 999 1170 1030 Errabundi.
1218 999 1247 1030 L
1263 998 1443 1030 Erabundi.
1529 999 1551 1029 l.
1571 998 1622 1040 76.

153 1042 289 1078 parum.
330 1039 485 1071 Lomits.
583 1041 671 1080 l.77.
719 1052 972 1082 nonnunquam.
1014 1043 1283 1084 Lnonunquam.
1380 1043 1399 1073 l.
1421 1043 1472 1073 80.
1514 1043 1622 1083 perfe-

155 1086 249 1112 runt.
298 1082 328 1114 O
351 1084 549 1124 approbant.
631 1085 651 1114 l.
677 1085 728 1124 84.
778 1085 910 1115 venisti.
958 1085 988 1117 O
1013 1085 1174 1116 venimus.
1220 1086 1341 1126 ecquid.
1390 1085 1420 1117 O
1444 1086 1617 1127 numquid.

157 1124 190 1154 ll.
213 1123 253 1156 86
265 1126 331 1156 and
349 1126 401 1166 87.
449 1126 479 1157 O
496 1127 603 1158 omits.
712 1128 734 1158 l.
753 1127 804 1159 86.
851 1128 997 1159 ludicris.
1046 1129 1074 1159 L
1091 1129 1224 1160 ludricis
1242 1127 1379 1169 (altered
1395 1129 1480 1160 from
1499 1130 1507 1144 ‘
1523 1129 1622 1160 lubri-

156 1166 244 1208 cis').
374 1169 396 1199 l.
423 1171 473 1201 88.
524 1170 620 1201 After
644 1170 719 1209 this,
747 1171 777 1203 O
802 1172 860 1202 has
887 1173 895 1187 ‘
911 1172 983 1203 Cor.
1035 1172 1232 1214 Propediem
1255 1173 1458 1213 praeceptor?
1495 1176 1624 1204 matura

155 1211 302 1251 profecto
324 1213 566 1244 consultatione
588 1224 670 1255 opus
693 1220 741 1245 est
762 1214 766 1255 Ι
787 1215 880 1256 Opus
899 1214 1070 1256 (quantum
1088 1215 1196 1256 video)
1213 1215 1273 1246 fuit
1294 1215 1456 1246 monitore
1472 1216 1514 1246 ad
1531 1215 1623 1246 audi-

156 1255 267 1285 tores.’
327 1255 348 1286 1.
367 1265 418 1297 90.
455 1256 657 1288 Edisseram.
701 1258 730 1288 L
744 1258 944 1289 Edisceram.
982 1259 1011 1291 O
1027 1259 1176 1290 Docebo.
1210 1259 1304 1290 After
1321 1259 1396 1295 this,
1415 1258 1445 1290 O
1464 1259 1562 1290 omits
1578 1258 1623 1290 all

155 1297 264 1328 words
281 1304 314 1328 to
335 1299 512 1330 ‘subinde'
531 1300 712 1340 (inclusive)
731 1301 752 1332 l.
771 1312 824 1344 92.
915 1302 934 1333 l.
956 1312 1008 1345 91.
1053 1303 1200 1333 scenicos.
1248 1303 1276 1333 L
1292 1302 1430 1333 senicos.
1525 1303 1548 1333 1.
1568 1311 1622 1344 99.

155 1340 233 1372 Cor.
285 1342 313 1372 L
328 1343 386 1373 Pr.
458 1345 516 1374 At.
567 1344 595 1374 L
611 1344 689 1375 Aut.
805 1344 826 1375 1.
850 1355 919 1376 102.
965 1345 1065 1376 deero.
1114 1346 1209 1376 After
1225 1345 1299 1383 this,
1322 1346 1351 1377 O
1368 1346 1427 1376 has
1448 1346 1524 1376 ‘nec
1541 1345 1622 1376 mihi

155 1384 264 1414 minor
287 1385 391 1416 libido
415 1391 463 1417 est
488 1397 560 1417 eam
584 1388 721 1428 perdere
745 1398 844 1429 quam
869 1388 954 1419 tibi)
1081 1389 1103 1419 1.
1133 1390 1201 1420 108.
1250 1394 1295 1419 at.
1343 1389 1371 1419 L
1396 1394 1471 1426 aut;
1497 1389 1527 1420 O
1551 1389 1621 1420 sed.

154 1427 177 1458 l.
198 1438 269 1459 111.
316 1429 346 1460 O
369 1429 466 1470 cupio
490 1440 569 1461 sane
594 1431 756 1462 Iudicium
780 1431 967 1463 convenire.
1056 1432 1077 1464 l.
1103 1443 1173 1472 114.
1220 1432 1380 1473 Wanting
1403 1432 1436 1463 in
1459 1432 1502 1464 O.

219 1508 292 1539 Act
310 1509 339 1540 I.
389 1509 450 1541 Sc.
469 1519 500 1549 3.
549 1512 570 1542 l.
589 1522 616 1543 2.
666 1512 703 1542 in
720 1513 887 1543 mandatis
902 1513 1032 1544 dedisse.
1079 1513 1110 1545 O
1128 1513 1312 1545 mandasse.
1387 1514 1407 1545 l.
1431 1523 1459 1553 5.
1508 1512 1617 1545 haeres.

153 1552 183 1583 L
199 1552 303 1584 heres.
412 1554 432 1585 l.
455 1555 484 1585 8.
531 1560 643 1595 utpote.
692 1555 721 1586 L
737 1562 770 1586 vt
786 1562 876 1597 pute.
995 1557 1015 1587 l.
1042 1566 1087 1587 12.
1137 1558 1333 1588 conduceret.
1380 1557 1409 1587 L
1424 1556 1619 1588 conducere.

152 1595 175 1626 1.
197 1605 245 1636 13.
291 1597 503 1628 aliovorsum.
551 1599 579 1629 L
595 1599 801 1631 alioversam.
879 1600 900 1631 1.
924 1598 974 1630 16.
1019 1601 1195 1631 consuluit.
1244 1601 1272 1631 L
1287 1600 1452 1632 consiluit.
1526 1600 1549 1630 l.
1570 1607 1619 1640 17.

152 1639 354 1679 adiungeret.
403 1640 431 1671 L
446 1641 643 1683 adiungerit.
732 1643 753 1672 1.
774 1653 824 1674 2ο.
862 1644 1003 1684 possint.
1050 1643 1080 1675 O
1098 1644 1212 1684 possit.
1294 1644 1316 1674 1.
1336 1655 1387 1675 21.
1433 1647 1620 1685 vtrumquc.

152 1681 182 1712 L
197 1688 370 1724 vtrunque.
460 1684 481 1715 l.
499 1695 514 1715 2
520 1695 549 1726 3.
597 1685 670 1717 Iud.
692 1686 855 1717 Creditur.
895 1687 925 1718 O
943 1686 1051 1724 omits,
1067 1687 1133 1718 and
1150 1687 1263 1718 makes
1281 1685 1483 1729 Ingenium's
1499 1686 1620 1727 speech

151 1726 360 1758 continuous.
429 1728 450 1758 1.
471 1737 521 1767 ²4·
566 1729 688 1769 obtigit.
739 1729 769 1760 O
787 1730 906 1761 evenit.
981 1730 1003 1760 l.
1022 1739 1074 1769 25.
1120 1731 1325 1761 adulterinae.
1377 1730 1406 1761 L
1421 1729 1618 1761 adulterina.

151 1768 174 1798 l.
195 1779 244 1809 ²7·
295 1771 373 1809 Quae
388 1771 575 1802 Phantasz'a
592 1773 683 1803 cluet.
728 1773 759 1804 O
776 1773 910 1804 nomine
929 1773 1125 1804 Phantasiae.
1165 1774 1364 1805 Phantasia.
1405 1773 1434 1804 L
1451 1773 1478 1803 F
1480 1773 1618 1804 antasia.

151 1813 284 1853 suscepi.
332 1813 361 1845 L
376 1815 510 1855 suscipi.
622 1816 899 1848 lzoccz'ne...audis.
950 1816 980 1847 O
998 1816 1107 1848 omits.
1213 1818 1375 1858 primum.
1427 1817 1456 1847 L
1480 1816 1617 1857 primus.

150 1855 184 1886 ll.
215 1865 352 1897 30—37.
409 1858 484 1898 Ing.
530 1858 783 1900 Ruri...poscat.
838 1859 869 1891 O
895 1860 1086 1891 substitutes
1115 1861 1205 1901 ‘Ing
1246 1861 1337 1891 Dum
1362 1860 1427 1891 ruri
1451 1860 1619 1901 superiore

150 1903 264 1930 aestate
280 1900 469 1940 agebamus,
489 1901 635 1942 lepidum
657 1902 750 1933 illum
773 1902 777 1943 l
796 1903 965 1934 Villanum
987 1904 1029 1934 de
1050 1914 1117 1945 quo
1139 1908 1247 1934 tecum
1269 1904 1399 1945 saepius,
1422 1903 1538 1934 asciuit
1554 1902 1617 1934 sibi

148 1943 388 1974 amatorculum
409 1942 414 1983 Ι
436 1944 535 1985 Isque
548 1946 653 1976 aderit
666 1956 744 1976 mox
761 1951 808 1977 sat
826 1947 894 1977 scio
910 1947 1063 1978 omnibus
1080 1947 1254 1978 instructus
1271 1947 1404 1978 ludicris
1424 1946 1428 1988 Ι
1449 1947 1618 1988 Ludisque

149 1995 232 2026 quos
248 1996 301 2017 rus
316 1987 529 2028 suppeditat.’
632 1989 652 2019 l.
675 1988 726 2029 36.
777 1990 913 2029 Quibus.
961 1990 989 2020 L
1005 1990 1114 2030 Quod.
1217 1991 1362 2022 ludicris.
1413 1991 1442 2021 L
1457 1990 1615 2021 ludiciris.

149 2028 172 2058 1.
191 2038 241 2070 39.
291 2029 388 2062 After
411 2031 489 2070 this,
519 2031 549 2063 O
577 2031 636 2063 has
666 2033 845 2064 ‘Attamen
870 2039 902 2064 et
926 2033 1060 2064 humilis
1087 2044 1325 2075 nonnunquam
1349 2034 1479 2075 placere
1506 2037 1617 2075 potest

147 2070 285 2103 fabula.'
375 2074 395 2105 1.
416 2085 468 2114 41.
515 2075 546 2106 O
568 2075 666 2106 omits
688 2076 752 2107 this
772 2076 838 2107 line
859 2076 925 2107 and
947 2077 1138 2108 substitutes
1163 2077 1219 2108 ‘Id
1236 2077 1346 2118 potius
1363 2087 1509 2118 agamus,
1525 2076 1617 2118 quod

148 2118 278 2156 tempus
294 2121 326 2147 et
347 2127 398 2148 res
419 2123 540 2149 nostrae
563 2123 706 2150 moneat.
755 2120 831 2160 Ing.
867 2121 969 2151 Recte
993 2120 1160 2151 admones.
1183 2118 1188 2161 Ι
1208 2120 1285 2151 Iud.
1318 2121 1364 2152 At
1389 2119 1616 2152 cantiunculas
