1731 2360
128 110 197 160 60

124 532 216 574 Pro.

124 589 223 631 Pru.

127 647 216 688 Fuc.

124 705 216 746 Pro.

123 763 161 802 F
160 779 212 803 uc.

124 820 218 862 Pro.

123 935 161 975 F
161 951 213 976 uc.

122 992 222 1034 Pru.

125 1107 232 1149 Tem.

121 1165 214 1207 Pro.

121 1223 220 1265 Pru.

122 1281 211 1323 Fue.

120 1514 206 1566 Ign.

121 1687 215 1727 Pro.

121 1745 211 1785 Fuc.

121 1917 214 1959 Pro.

122 1976 211 2016 Fue.

120 2090 212 2131 Pro.

734 113 982 163 FUCUS
1250 121 1378 175 [Aer.
1400 134 1441 173 4,
1464 120 1526 162 Sc.
1551 126 1595 163 2⁸

690 281 928 327 SCAENA
967 289 1027 327 2²².

244 384 376 426 Fucus.
437 385 581 426 Probus
600 387 852 442 fraterculus.
915 387 1146 438 Prudentia,
1185 386 1469 440 Temperantia,

411 459 556 484 sorores.
618 445 788 497 Ignavia
820 445 858 484 in
892 444 1051 498 insidiis.
1114 445 1311 486 Fidicines.

298 549 370 586 pro
401 535 556 575 certon'
583 537 657 576 scis
682 551 754 576 nos
783 536 849 576 hic
879 536 1041 577 Fucum
1076 536 1310 590 praestolari,
1342 535 1591 578 Prudentia?

300 591 409 632 Ecce
442 593 622 645 procedit
653 594 814 634 obviam
847 594 973 634 nobis.

788 650 1021 704 Prudentia,
1053 651 1171 704 salve,
1203 662 1262 703 tu,
1296 650 1439 703 Probe,
1470 651 1588 693 salve.

297 706 372 747 Tu
403 722 579 761 quoque.

614 765 732 817 salve,
765 781 855 806 mea
885 766 1195 819 Temperantia,
1226 767 1293 807 sed
1325 767 1389 806 vbi
1421 765 1591 807 caeteri?

301 822 453 863 Adesse
498 824 576 863 iam
622 835 846 876 nequeunt,
889 824 1077 877 magister
1125 825 1158 864 F
1161 839 1249 876 uce,
1291 824 1356 865 sed
1407 823 1588 864 fidicines

414 881 626 920 nobiscum
658 881 867 921 attulimus
898 891 1052 921 tamen.

294 937 442 977 fecistis
473 939 608 990 probe.

343 1009 452 1046 sane,
472 995 783 1048 Temperantia,
805 997 963 1036 videtur
986 997 1051 1036 hic
1075 997 1264 1052 magister
1285 996 1421 1038 Fucus
1442 997 1542 1037 mihi
1570 1018 1586 1047 5

296 1051 415 1093 Bono
441 1053 664 1093 admodum
687 1054 851 1107 ingenio
872 1068 953 1094 esse
974 1065 1014 1094 et
1036 1055 1169 1106 probis
1190 1065 1370 1094 moratus
1396 1055 1587 1096 moribus.

294 1108 359 1149 Ita
381 1121 451 1162 est,
471 1110 711 1150 Prudentia:
745 1111 812 1151 sed
833 1112 931 1165 quid
954 1112 1130 1152 hominis
1150 1111 1222 1152 tibi
1244 1112 1416 1164 videtur,
1435 1111 1588 1153 Probe?

295 1165 398 1209 Sane
429 1183 523 1208 vero
555 1169 680 1208 homo
710 1183 801 1209 vere
832 1169 1082 1210 venerabilis.

1108 1237 1142 1267 St
1174 1237 1275 1268 tace.

293 1282 526 1336 Prudentia,
558 1298 708 1337 vosque
739 1285 929 1338 porrigite
960 1285 1125 1336 frontes,
1157 1295 1284 1325 estote
1315 1284 1471 1338 hilares,

296 1341 469 1381 Brevem
492 1342 596 1381 hanc
618 1342 894 1394 opprimamus
916 1343 1183 1382 occasionem.
1245 1357 1318 1396 age
1339 1343 1504 1383 tibicen.
1550 1362 1587 1384 10

383 1399 508 1453 [Dum
532 1399 667 1438 ludunt
688 1399 854 1439 tibicines
878 1399 995 1439 Fucus
1015 1399 1211 1454 caeterique
1231 1400 1449 1454 exprimunt
1464 1410 1586 1453 gestus

503 1471 596 1496 nunc
617 1457 831 1497 arridentes
853 1457 1011 1497 invicem

291 1513 398 1562 Quis
419 1514 649 1554 huiusmodi
680 1514 713 1554 F
716 1529 841 1554 ucum
871 1516 945 1554 nisi
974 1514 1127 1556 videret
1154 1514 1359 1556 crederet?
1393 1516 1465 1569 [ad
1483 1515 1587 1569 Spec-

1432 1573 1588 1627 tatores]

295 1628 369 1670 Sed
400 1629 550 1685 linguae
582 1630 879 1670 moderandum
910 1641 968 1670 est
1000 1631 1113 1670 mihi.

295 1685 494 1743 Magister
526 1688 651 1740 Fuce,
683 1687 765 1727 vin'
798 1687 1135 1729 cantiunculam?

1153 1760 1323 1786 minime
1353 1761 1461 1786 vero.

293 1817 376 1842 non
398 1812 513 1842 vacat
535 1803 615 1842 iam
638 1818 749 1843 nunc
772 1802 1056 1843 cantiunculis.
1111 1803 1214 1843 nosti
1237 1818 1361 1857 quam
1382 1804 1514 1844 subita
1549 1824 1586 1853 14

296 1859 398 1901 Mea
418 1870 512 1900 sunt
535 1861 709 1914 negotia.
752 1860 846 1900 alias
867 1860 1147 1901 cantiunculas
1164 1861 1401 1902 habebimus
1416 1860 1584 1903 affatim.

295 1917 494 1959 Saltemus
525 1917 676 1972 igitur?

583 1975 685 2016 Sane
717 1990 792 2016 nec
824 1975 989 2016 saltibus
1019 1975 1169 2016 diutius
1200 1975 1294 2016 licet
1325 1991 1445 2029 opem
1477 1977 1582 2018 dare.

295 2032 420 2074 Porro
447 2033 568 2073 aridae
597 2034 697 2073 mihi
728 2034 815 2073 istae
843 2033 1034 2074 videntur
1060 2033 1291 2074 saltationes
1318 2035 1404 2075 sine
1425 2034 1583 2076 osculis.

296 2090 396 2130 Vin’
427 2106 523 2146 ergo
553 2090 743 2132 saltemus
775 2105 870 2131 cum
903 2090 1098 2144 pulvino?
