1731 2360
85 171 194 213 Aer.
219 181 258 224 5,
276 171 337 213 Sc.
362 171 424 226 6³]
509 162 1134 214 HISTRIOMASTIX
1485 160 1549 229 85

86 293 175 333 Fue.

87 407 150 448 M
151 407 215 448 im.

91 522 170 563 Vil.

87 580 173 632 Ing.

88 637 178 677 Fue.

88 693 219 735 Mim.

92 751 170 794 Vil.

90 867 177 920 Ing.

92 923 129 964 F
128 940 181 965 uc.

91 982 176 1035 Ing.

91 1096 218 1137 Mim.

92 1154 176 1207 Ing.

95 1268 173 1310 Vil.

98 1557 202 1598 Com.
217 1569 251 1598 1.

213 1626 251 1655 2.

98 1672 202 1712 Com.
213 1684 250 1726 3.

98 1729 200 1769 Hir.

97 1786 224 1828 Mim.

97 1844 189 1885 Fuc.

97 1903 184 1955 Ing.

1112 290 1330 330 hominum
1361 289 1554 343 prodigia,

260 349 377 397 Quid
407 350 474 390 hic
504 349 576 389 sibi
608 347 695 388 vult
727 346 931 400 impetus?

935 404 1018 444 vin’
1050 405 1130 444 iam
1163 404 1219 444 illi
1251 404 1393 445 decem
1425 405 1556 444 minas

261 463 388 516 Dem,
420 465 529 516 here,
561 474 601 504 et
634 464 675 503 in
707 473 794 503 toto
825 473 865 502 et
897 463 938 502 in
969 461 1127 502 solido?

822 519 913 560 Imo
944 520 1087 573 viginti
1121 520 1283 575 viginti,
1315 520 1345 560 si
1378 520 1449 560 viS.
1514 539 1556 561 20

265 578 308 621 O
340 580 462 619 nimis
493 579 693 632 prodigus,
726 578 782 617 mi
815 577 1035 617 Villanule.

1045 649 1069 674 o
1101 635 1216 675 furiae
1250 635 1382 675 furiae.

272 693 388 741 Quid
419 695 486 746 ais,
518 693 630 734 Fuce
660 692 801 733 Fuce?

815 749 931 797 Quid
962 749 1045 790 ais?
1089 749 1242 790 ludicra
1275 750 1355 789 iarn
1387 750 1529 802 probas

265 809 414 849 Nostra
434 807 446 848 ?

440 877 480 906 et
510 876 638 905 artem
670 864 978 906 histrionicam?

262 924 410 964 Artem
442 923 694 963 diabolicam.

712 980 844 1036 Euge,
876 980 1027 1031 Mime,
1059 994 1124 1019 nae
1157 990 1203 1020 tu
1234 979 1382 1033 probus
1413 979 1559 1020 mastix

267 1039 614 1093 Histriomastigis.

626 1096 726 1135 Vin’
757 1095 898 1135 alteras
929 1096 1070 1135 decem
1102 1093 1262 1135 minas?
1519 1113 1558 1144 ²5

269 1152 341 1194 Oh
365 1155 548 1194 minime.
596 1168 807 1206 nunquam
828 1152 1024 1193 soluendo
1042 1153 1174 1193 fuerit.
1223 1153 1330 1192 intro
1345 1166 1416 1192 vos
1433 1152 1561 1206 magis

265 1222 308 1251 vt
339 1212 520 1265 geminas
551 1211 800 1251 celebremus
831 1211 1002 1263 nuptias.

264 1268 418 1310 Eamus
448 1269 604 1309 Eamus
634 1269 713 1308 mei
746 1269 926 1308 comites.
988 1268 1037 1308 ah
1069 1282 1193 1321 quam
1224 1267 1344 1307 ardeo
1375 1281 1450 1321 ego
1482 1277 1522 1306 et

265 1337 374 1366 totus
421 1341 540 1379 pereo
585 1326 684 1366 adeo
730 1341 854 1380 vsque
902 1325 1079 1365 Balladae
1126 1326 1167 1365 in
1208 1324 1418 1378 amplexus
1460 1324 1561 1365 dum

380 1384 569 1423 admittar
588 1382 595 1424 !

268 1440 423 1482 Denuo
453 1456 525 1495 age
557 1441 796 1493 Choraules‚
827 1439 1023 1492 fidicines,
1054 1439 1287 1495 vtricularij‚
1523 1459 1564 1491 30

267 1499 371 1539 Vale
402 1500 490 1539 stix.

497 1556 584 1596 vale
617 1557 775 1596 mastix.

796 1613 881 1654 vale
914 1614 1213 1654 histriomastix.

267 1671 370 1712 Vale
402 1671 793 1712 vtriculariomastix.

814 1728 900 1768 vale
931 1729 1193 1769 festomastix.

993 1786 1080 1840 vale
1111 1785 1424 1842 maypolmastix
1455 1801 1562 1826 sane.

272 1843 429 1885 Siccine
460 1845 671 1884 hominem
703 1845 783 1884 mei
815 1843 964 1884 ordinis
995 1844 1154 1897 accipis,
1186 1843 1438 1899 Ingenium?

276 1902 366 1942 Tui
412 1901 590 1942 ordinis?
647 1902 759 1942 Nam
802 1902 916 1942 cuius
957 1912 1003 1941 tu
1046 1916 1087 1942 es
1132 1900 1312 1942 ordinis?
1364 1916 1416 1942 an
1461 1901 1565 1942 forte

387 1960 617 1999 fucatorum

271 2016 333 2057 vel
357 2016 679 2057 clanculatorum
698 2016 710 2056 ?
762 2016 880 2064 Quin
907 2017 979 2057 tibi
1002 2017 1083 2057 iam
1100 2017 1165 2057 vbi
1188 2016 1301 2057 lubet
1321 2017 1430 2058 abire
1450 2016 1558 2058 licet.

273 2089 346 2115 nos
377 2075 450 2126 tui,
483 2085 527 2114 tu
559 2086 744 2115 nostrum
780 2076 939 2115 mastix.
1002 2075 1083 2115 iam
1123 2089 1263 2115 sumus
1303 2089 1398 2130 ergo
1439 2089 1564 2128 pares.

390 2132 506 2179 Quid
537 2147 620 2172 non
652 2133 748 2173 hinc
779 2132 890 2173 abis?
1527 2141 1568 2183 36
