<?xml version="1.0" encoding="UTF-8"?>
<!DOCTYPE html PUBLIC "-//W3C//DTD XHTML 1.0 Transitional//EN"
    "http://www.w3.org/TR/xhtml1/DTD/xhtml1-transitional.dtd">
<html xmlns="http://www.w3.org/1999/xhtml" xml:lang="en" lang="en">
 <head>
  <title>
</title>
<meta http-equiv="Content-Type" content="text/html;charset=utf-8" />
  <meta name='ocr-system' content='tesseract 3.04.00' />
  <meta name='ocr-capabilities' content='ocr_page ocr_carea ocr_par ocr_line ocrx_word'/>
</head>
<body>
  <div class='ocr_page' id='page_1' title='image "./fucushistriomast00warduoft_0092.png"; bbox 0 0 1731 2360; ppageno 0'>
   <div class='ocr_carea' id='block_1_1' title="bbox 149 144 217 196">
    <p class='ocr_par' dir='ltr' id='par_1_1' title="bbox 149 144 217 196">
     <span class='ocr_line' id='line_1_1' title="bbox 149 144 217 196; baseline 0 0"><span class='ocrx_word' id='word_1_1' title='bbox 149 144 217 196; x_wconf 84' lang='lat'><em>68</em></span> 
     </span>
    </p>
   </div>
   <div class='ocr_carea' id='block_1_2' title="bbox 153 504 242 545">
    <p class='ocr_par' dir='ltr' id='par_1_2' title="bbox 153 504 242 545">
     <span class='ocr_line' id='line_1_2' title="bbox 153 504 242 545; baseline -0.011 0"><span class='ocrx_word' id='word_1_2' title='bbox 153 504 190 545; x_wconf 88' lang='lat' dir='ltr'><em>F</em></span> <span class='ocrx_word' id='word_1_3' title='bbox 189 520 242 545; x_wconf 89' lang='lat' dir='ltr'><em>uc.</em></span> 
     </span>
    </p>
   </div>
   <div class='ocr_carea' id='block_1_3' title="bbox 156 1138 245 1292">
    <p class='ocr_par' dir='ltr' id='par_1_3' title="bbox 156 1138 245 1292">
     <span class='ocr_line' id='line_1_3' title="bbox 157 1138 245 1178; baseline 0.011 -1"><span class='ocrx_word' id='word_1_4' title='bbox 157 1138 245 1178; x_wconf 82' lang='lat' dir='ltr'><em>Iud.</em></span> 
     </span>
     <span class='ocr_line' id='line_1_4' title="bbox 156 1194 244 1235; baseline 0 0"><span class='ocrx_word' id='word_1_5' title='bbox 156 1194 244 1235; x_wconf 73' lang='lat' dir='ltr'><em>Fue.</em></span> 
     </span>
     <span class='ocr_line' id='line_1_5' title="bbox 156 1253 242 1292; baseline 0 0"><span class='ocrx_word' id='word_1_6' title='bbox 156 1253 242 1292; x_wconf 82' lang='lat' dir='ltr'><em>Iud.</em></span> 
     </span>
    </p>
   </div>
   <div class='ocr_carea' id='block_1_4' title="bbox 159 1599 248 1639">
    <p class='ocr_par' dir='ltr' id='par_1_4' title="bbox 159 1599 248 1639">
     <span class='ocr_line' id='line_1_6' title="bbox 159 1599 248 1639; baseline -0.011 0"><span class='ocrx_word' id='word_1_7' title='bbox 159 1599 196 1639; x_wconf 91' lang='lat' dir='ltr'><em>F</em></span> <span class='ocrx_word' id='word_1_8' title='bbox 195 1613 248 1639; x_wconf 88' lang='lat' dir='ltr'><em>uc.</em></span> 
     </span>
    </p>
   </div>
   <div class='ocr_carea' id='block_1_5' title="bbox 159 1715 245 1755">
    <p class='ocr_par' dir='ltr' id='par_1_5' title="bbox 159 1715 245 1755">
     <span class='ocr_line' id='line_1_7' title="bbox 159 1715 245 1755; baseline 0.012 -1"><span class='ocrx_word' id='word_1_9' title='bbox 159 1715 245 1755; x_wconf 87' lang='lat' dir='ltr'><em>Iud.</em></span> 
     </span>
    </p>
   </div>
   <div class='ocr_carea' id='block_1_6' title="bbox 160 1887 248 1927">
    <p class='ocr_par' dir='ltr' id='par_1_6' title="bbox 160 1887 248 1927">
     <span class='ocr_line' id='line_1_8' title="bbox 160 1887 248 1927; baseline 0.011 -1"><span class='ocrx_word' id='word_1_10' title='bbox 160 1887 197 1926; x_wconf 93' lang='lat' dir='ltr'><em>F</em></span> <span class='ocrx_word' id='word_1_11' title='bbox 196 1903 248 1927; x_wconf 90' lang='lat' dir='ltr'><em>uc.</em></span> 
     </span>
    </p>
   </div>
   <div class='ocr_carea' id='block_1_7' title="bbox 160 2002 237 2041">
    <p class='ocr_par' dir='ltr' id='par_1_7' title="bbox 160 2002 237 2041">
     <span class='ocr_line' id='line_1_9' title="bbox 160 2002 237 2041; baseline 0 0"><span class='ocrx_word' id='word_1_12' title='bbox 160 2002 237 2041; x_wconf 83' lang='lat' dir='ltr'><em>Iud</em></span> 
     </span>
    </p>
   </div>
   <div class='ocr_carea' id='block_1_8' title="bbox 161 2033 250 2100">
    <p class='ocr_par' dir='ltr' id='par_1_8' title="bbox 161 2033 250 2100">
     <span class='ocr_line' id='line_1_10' title="bbox 161 2033 250 2100; baseline -0.011 0"><span class='ocrx_word' id='word_1_13' title='bbox 161 2059 198 2100; x_wconf 87' lang='lat' dir='ltr'><em>F</em></span> <span class='ocrx_word' id='word_1_14' title='bbox 197 2033 250 2099; x_wconf 48' lang='grc' dir='ltr'><em>ιιι..</em></span> 
     </span>
    </p>
   </div>
   <div class='ocr_carea' id='block_1_9' title="bbox 761 144 1621 203">
    <p class='ocr_par' dir='ltr' id='par_1_9' title="bbox 761 144 1621 203">
     <span class='ocr_line' id='line_1_11' title="bbox 761 144 1621 203; baseline -0.006 -9"><span class='ocrx_word' id='word_1_15' title='bbox 761 144 1006 194; x_wconf 89' lang='lat' dir='ltr'>FUCUS</span> <span class='ocrx_word' id='word_1_16' title='bbox 1273 149 1401 203; x_wconf 66' lang='lat' dir='ltr'><em>[Aer.</em></span> <span class='ocrx_word' id='word_1_17' title='bbox 1424 161 1465 201; x_wconf 89' lang='lat'><em>4,</em></span> <span class='ocrx_word' id='word_1_18' title='bbox 1487 147 1551 190; x_wconf 91' lang='lat' dir='ltr'><em>Sc.</em></span> <span class='ocrx_word' id='word_1_19' title='bbox 1575 147 1621 189; x_wconf 74' lang='lat'><em>6·</em></span> 
     </span>
    </p>
   </div>
   <div class='ocr_carea' id='block_1_10' title="bbox 509 306 1258 365">
    <p class='ocr_par' dir='ltr' id='par_1_10' title="bbox 509 306 1258 365">
     <span class='ocr_line' id='line_1_12' title="bbox 509 306 1258 365; baseline -0.004 -11"><span class='ocrx_word' id='word_1_20' title='bbox 509 307 732 354; x_wconf 88' lang='lat' dir='ltr'>ACTUS</span> <span class='ocrx_word' id='word_1_21' title='bbox 769 315 848 365; x_wconf 81' lang='lat'>4¹¹⁵.</span> <span class='ocrx_word' id='word_1_22' title='bbox 923 306 1158 352; x_wconf 84' lang='lat' dir='ltr'>SCAENA</span> <span class='ocrx_word' id='word_1_23' title='bbox 1197 307 1258 352; x_wconf 73' lang='lat'><em>6².</em></span> 
     </span>
    </p>
   </div>
   <div class='ocr_carea' id='block_1_11' title="bbox 382 410 1388 464">
    <p class='ocr_par' dir='ltr' id='par_1_11' title="bbox 382 410 1388 464">
     <span class='ocr_line' id='line_1_13' title="bbox 382 410 1388 464; baseline -0.002 -11"><span class='ocrx_word' id='word_1_24' title='bbox 382 413 516 453; x_wconf 74' lang='lat' dir='ltr'><em>Fusus.</em></span> <span class='ocrx_word' id='word_1_25' title='bbox 581 412 780 452; x_wconf 84' lang='lat' dir='ltr'><em>Iudicium.</em></span> <span class='ocrx_word' id='word_1_26' title='bbox 848 412 1058 464; x_wconf 83' lang='lat' dir='ltr'><em>Ingenium.</em></span> <span class='ocrx_word' id='word_1_27' title='bbox 1121 410 1388 451; x_wconf 83' lang='lat' dir='ltr'><em>Philomathes.</em></span> 
     </span>
    </p>
   </div>
   <div class='ocr_carea' id='block_1_12' title="bbox 323 500 1627 2166">
    <p class='ocr_par' dir='ltr' id='par_1_12' title="bbox 323 500 1627 2166">
     <span class='ocr_line' id='line_1_14' title="bbox 323 500 1620 555; baseline -0.002 -12"><span class='ocrx_word' id='word_1_28' title='bbox 323 503 471 543; x_wconf 89' lang='lat' dir='ltr'><em>Fauste</em></span> <span class='ocrx_word' id='word_1_29' title='bbox 512 503 652 543; x_wconf 89' lang='lat' dir='ltr'><em>omnia</em></span> <span class='ocrx_word' id='word_1_30' title='bbox 690 502 914 543; x_wconf 91' lang='lat' dir='ltr'><em>succedunt</em></span> <span class='ocrx_word' id='word_1_31' title='bbox 956 503 1035 541; x_wconf 90' lang='lat' dir='ltr'><em>huc</em></span> <span class='ocrx_word' id='word_1_32' title='bbox 1078 516 1201 555; x_wconf 90' lang='lat' dir='ltr'><em>vsque</em></span> <span class='ocrx_word' id='word_1_33' title='bbox 1242 511 1364 555; x_wconf 88' lang='lat' dir='ltr'><em>atque</em></span> <span class='ocrx_word' id='word_1_34' title='bbox 1404 515 1454 541; x_wconf 89' lang='lat' dir='ltr'><em>ex</em></span> <span class='ocrx_word' id='word_1_35' title='bbox 1493 500 1620 540; x_wconf 90' lang='lat' dir='ltr'><em>animi</em></span> 
     </span>
     <span class='ocr_line' id='line_1_15' title="bbox 442 571 654 600; baseline -0.005 0"><span class='ocrx_word' id='word_1_36' title='bbox 442 571 654 600; x_wconf 83' lang='lat' dir='ltr'><em>sententia.</em></span> 
     </span>
     <span class='ocr_line' id='line_1_16' title="bbox 325 616 1619 670; baseline -0.002 -12"><span class='ocrx_word' id='word_1_37' title='bbox 325 618 445 659; x_wconf 88' lang='lat' dir='ltr'><em>simul</em></span> <span class='ocrx_word' id='word_1_38' title='bbox 477 633 523 657; x_wconf 86' lang='lat' dir='ltr'><em>ac</em></span> <span class='ocrx_word' id='word_1_39' title='bbox 550 617 814 658; x_wconf 89' lang='lat' dir='ltr'><em>Calumniam</em></span> <span class='ocrx_word' id='word_1_40' title='bbox 845 627 968 670; x_wconf 88' lang='lat' dir='ltr'><em>atque</em></span> <span class='ocrx_word' id='word_1_41' title='bbox 999 616 1200 656; x_wconf 85' lang='lat' dir='ltr'><em>Invidiam</em></span> <span class='ocrx_word' id='word_1_42' title='bbox 1232 616 1427 670; x_wconf 89' lang='lat' dir='ltr'><em>alloquor,</em></span> <span class='ocrx_word' id='word_1_43' title='bbox 1454 628 1619 669; x_wconf 88' lang='lat' dir='ltr'>operam</span> 
     </span>
     <span class='ocr_line' id='line_1_17' title="bbox 445 674 841 728; baseline 0 -14"><span class='ocrx_word' id='word_1_44' title='bbox 445 675 689 728; x_wconf 82' lang='lat' dir='ltr'><em>pollicentur</em></span> <span class='ocrx_word' id='word_1_45' title='bbox 720 674 841 714; x_wconf 87' lang='lat' dir='ltr'><em>illico.</em></span> 
     </span>
     <span class='ocr_line' id='line_1_18' title="bbox 331 729 1620 786; baseline -0.002 -13"><span class='ocrx_word' id='word_1_46' title='bbox 331 732 448 774; x_wconf 89' lang='lat' dir='ltr'><em>Deus</em></span> <span class='ocrx_word' id='word_1_47' title='bbox 489 734 608 785; x_wconf 85' lang='lat' dir='ltr'><em>bone,</em></span> <span class='ocrx_word' id='word_1_48' title='bbox 645 747 768 786; x_wconf 87' lang='lat' dir='ltr'><em>quam</em></span> <span class='ocrx_word' id='word_1_49' title='bbox 812 732 1030 772; x_wconf 87' lang='lat' dir='ltr'><em>horrendas</em></span> <span class='ocrx_word' id='word_1_50' title='bbox 1061 733 1102 771; x_wconf 92' lang='lat' dir='ltr'><em>in</em></span> <span class='ocrx_word' id='word_1_51' title='bbox 1135 731 1401 772; x_wconf 87' lang='lat' dir='ltr'><em>Comoediam</em></span> <span class='ocrx_word' id='word_1_52' title='bbox 1441 729 1620 772; x_wconf 87' lang='lat' dir='ltr'><em>scelestae</em></span> 
     </span>
     <span class='ocr_line' id='line_1_19' title="bbox 444 788 851 844; baseline -0.002 -14"><span class='ocrx_word' id='word_1_53' title='bbox 444 801 585 844; x_wconf 86' lang='lat' dir='ltr'><em>parant</em></span> <span class='ocrx_word' id='word_1_54' title='bbox 617 788 851 830; x_wconf 86' lang='lat' dir='ltr'><em>machinas!</em></span> 
     </span>
     <span class='ocr_line' id='line_1_20' title="bbox 331 846 1450 889; baseline -0.002 -1"><span class='ocrx_word' id='word_1_55' title='bbox 331 850 619 889; x_wconf 85' lang='lat' dir='ltr'><em>Horrescerem</em></span> <span class='ocrx_word' id='word_1_56' title='bbox 651 848 826 887; x_wconf 89' lang='lat' dir='ltr'><em>referens</em></span> <span class='ocrx_word' id='word_1_57' title='bbox 856 848 886 886; x_wconf 91' lang='lat' dir='ltr'><em>si</em></span> <span class='ocrx_word' id='word_1_58' title='bbox 919 861 1003 886; x_wconf 89' lang='lat' dir='ltr'><em>non</em></span> <span class='ocrx_word' id='word_1_59' title='bbox 1035 847 1258 886; x_wconf 81' lang='lat' dir='ltr'><em>istiusmodi</em></span> <span class='ocrx_word' id='word_1_60' title='bbox 1290 846 1450 886; x_wconf 84' lang='lat' dir='ltr'><em>fabricis</em></span> 
     </span>
     <span class='ocr_line' id='line_1_21' title="bbox 331 904 1620 952; baseline -0.001 -7"><span class='ocrx_word' id='word_1_61' title='bbox 331 906 530 952; x_wconf 87' lang='lat' dir='ltr'><em>Quotidie</em></span> <span class='ocrx_word' id='word_1_62' title='bbox 561 920 626 944; x_wconf 89' lang='lat' dir='ltr'><em>me</em></span> <span class='ocrx_word' id='word_1_63' title='bbox 658 905 946 944; x_wconf 84' lang='lat' dir='ltr'><em>assuefacerem</em></span> <span class='ocrx_word' id='word_1_64' title='bbox 977 904 1256 944; x_wconf 85' lang='lat' dir='ltr'>subterraneis.</span> <span class='ocrx_word' id='word_1_65' title='bbox 1603 923 1620 952; x_wconf 89' lang='lat'>5</span> 
     </span>
     <span class='ocr_line' id='line_1_22' title="bbox 330 961 1321 1016; baseline -0.003 -13"><span class='ocrx_word' id='word_1_66' title='bbox 330 963 405 1004; x_wconf 89' lang='lat' dir='ltr'><em>Sed</em></span> <span class='ocrx_word' id='word_1_67' title='bbox 437 964 526 1016; x_wconf 90' lang='lat' dir='ltr'><em>quis</em></span> <span class='ocrx_word' id='word_1_68' title='bbox 556 963 622 1002; x_wconf 92' lang='lat' dir='ltr'><em>hic</em></span> <span class='ocrx_word' id='word_1_69' title='bbox 655 961 887 1016; x_wconf 85' lang='lat' dir='ltr'><em>egreditur?</em></span> <span class='ocrx_word' id='word_1_70' title='bbox 930 963 982 1001; x_wconf 92' lang='lat' dir='ltr'><em>oh</em></span> <span class='ocrx_word' id='word_1_71' title='bbox 1014 961 1218 1001; x_wconf 85' lang='lat' dir='ltr'><em>Iudicium</em></span> <span class='ocrx_word' id='word_1_72' title='bbox 1250 972 1321 1001; x_wconf 86' lang='lat' dir='ltr'><em>est.</em></span> 
     </span>
     <span class='ocr_line' id='line_1_23' title="bbox 331 1018 1301 1076; baseline -0.003 -15"><span class='ocrx_word' id='word_1_73' title='bbox 331 1021 522 1076; x_wconf 80' lang='lat' dir='ltr'>Exporge</span> <span class='ocrx_word' id='word_1_74' title='bbox 553 1021 746 1070; x_wconf 86' lang='lat' dir='ltr'><em>frontem,</em></span> <span class='ocrx_word' id='word_1_75' title='bbox 779 1019 903 1069; x_wconf 82' lang='lat' dir='ltr'><em>Fuce,</em></span> <span class='ocrx_word' id='word_1_76' title='bbox 934 1018 1106 1058; x_wconf 87' lang='lat' dir='ltr'><em>arrideto</em></span> <span class='ocrx_word' id='word_1_77' title='bbox 1137 1018 1301 1059; x_wconf 88' lang='lat' dir='ltr'><em>subdole</em></span> 
     </span>
     <span class='ocr_line' id='line_1_24' title="bbox 336 1076 1508 1132; baseline -0.003 -14"><span class='ocrx_word' id='word_1_78' title='bbox 336 1094 386 1118; x_wconf 89' lang='lat' dir='ltr'><em>ne</em></span> <span class='ocrx_word' id='word_1_79' title='bbox 419 1079 541 1132; x_wconf 90' lang='lat' dir='ltr'><em>(quod</em></span> <span class='ocrx_word' id='word_1_80' title='bbox 574 1079 613 1117; x_wconf 90' lang='lat' dir='ltr'><em>in</em></span> <span class='ocrx_word' id='word_1_81' title='bbox 646 1077 766 1117; x_wconf 90' lang='lat' dir='ltr'><em>corde</em></span> <span class='ocrx_word' id='word_1_82' title='bbox 798 1076 895 1116; x_wconf 85' lang='lat' dir='ltr'><em>latet</em></span> <span class='ocrx_word' id='word_1_83' title='bbox 925 1077 1145 1130; x_wconf 86' lang='lat' dir='ltr'><em>venenum)</em></span> <span class='ocrx_word' id='word_1_84' title='bbox 1177 1076 1313 1116; x_wconf 91' lang='lat' dir='ltr'><em>vultus</em></span> <span class='ocrx_word' id='word_1_85' title='bbox 1344 1076 1508 1116; x_wconf 87' lang='lat' dir='ltr'><em>indicet.</em></span> 
     </span>
     <span class='ocr_line' id='line_1_25' title="bbox 331 1134 1462 1187; baseline -0.003 -11"><span class='ocrx_word' id='word_1_86' title='bbox 331 1136 444 1183; x_wconf 91' lang='lat' dir='ltr'><em>Quid</em></span> <span class='ocrx_word' id='word_1_87' title='bbox 478 1136 525 1175; x_wconf 92' lang='lat' dir='ltr'><em>de</em></span> <span class='ocrx_word' id='word_1_88' title='bbox 558 1135 705 1175; x_wconf 87' lang='lat' dir='ltr'><em>Plausu</em></span> <span class='ocrx_word' id='word_1_89' title='bbox 736 1135 891 1174; x_wconf 86' lang='lat' dir='ltr'><em>factum</em></span> <span class='ocrx_word' id='word_1_90' title='bbox 922 1135 971 1174; x_wconf 89' lang='lat' dir='ltr'><em>sit</em></span> <span class='ocrx_word' id='word_1_91' title='bbox 1003 1148 1161 1187; x_wconf 83' lang='lat' dir='ltr'>nequeo</span> <span class='ocrx_word' id='word_1_92' title='bbox 1194 1134 1327 1173; x_wconf 84' lang='lat' dir='ltr'><em>mirari</em></span> <span class='ocrx_word' id='word_1_93' title='bbox 1359 1134 1462 1174; x_wconf 88' lang='lat' dir='ltr'><em>satis.</em></span> 
     </span>
     <span class='ocr_line' id='line_1_26' title="bbox 326 1191 1621 1246; baseline -0.002 -12"><span class='ocrx_word' id='word_1_94' title='bbox 326 1194 466 1235; x_wconf 87' lang='lat' dir='ltr'><em>Saluus</em></span> <span class='ocrx_word' id='word_1_95' title='bbox 482 1208 585 1233; x_wconf 88' lang='lat' dir='ltr'><em>sum.</em></span> <span class='ocrx_word' id='word_1_96' title='bbox 630 1194 671 1232; x_wconf 88' lang='lat' dir='ltr'><em>in</em></span> <span class='ocrx_word' id='word_1_97' title='bbox 688 1193 911 1246; x_wconf 87' lang='lat' dir='ltr'><em>quaestione</em></span> <span class='ocrx_word' id='word_1_98' title='bbox 931 1191 1096 1231; x_wconf 82' lang='lat' dir='ltr'><em>Plausus</em></span> <span class='ocrx_word' id='word_1_99' title='bbox 1115 1202 1172 1231; x_wconf 89' lang='lat' dir='ltr'><em>est</em></span> <span class='ocrx_word' id='word_1_100' title='bbox 1189 1201 1390 1245; x_wconf 88' lang='lat' dir='ltr'><em>quantum</em></span> <span class='ocrx_word' id='word_1_101' title='bbox 1411 1191 1544 1231; x_wconf 88' lang='lat' dir='ltr'><em>audio.</em></span> <span class='ocrx_word' id='word_1_102' title='bbox 1581 1210 1621 1232; x_wconf 89' lang='lat'><em>10</em></span> 
     </span>
     <span class='ocr_line' id='line_1_27' title="bbox 333 1249 1480 1303; baseline -0.003 -12"><span class='ocrx_word' id='word_1_103' title='bbox 333 1251 449 1292; x_wconf 91' lang='lat' dir='ltr'><em>Deus</em></span> <span class='ocrx_word' id='word_1_104' title='bbox 480 1251 598 1302; x_wconf 87' lang='lat' dir='ltr'><em>bone,</em></span> <span class='ocrx_word' id='word_1_105' title='bbox 630 1261 672 1290; x_wconf 85' lang='lat' dir='ltr'><em>vt</em></span> <span class='ocrx_word' id='word_1_106' title='bbox 705 1250 803 1289; x_wconf 87' lang='lat' dir='ltr'><em>nihil</em></span> <span class='ocrx_word' id='word_1_107' title='bbox 835 1250 1056 1303; x_wconf 83' lang='lat' dir='ltr'><em>quicquam</em></span> <span class='ocrx_word' id='word_1_108' title='bbox 1089 1249 1205 1288; x_wconf 90' lang='lat' dir='ltr'><em>dulce</em></span> <span class='ocrx_word' id='word_1_109' title='bbox 1237 1260 1294 1289; x_wconf 90' lang='lat' dir='ltr'><em>est</em></span> <span class='ocrx_word' id='word_1_110' title='bbox 1326 1249 1367 1288; x_wconf 90' lang='lat' dir='ltr'><em>in</em></span> <span class='ocrx_word' id='word_1_111' title='bbox 1398 1249 1480 1288; x_wconf 90' lang='lat' dir='ltr'><em>vita</em></span> 
     </span>
     <span class='ocr_line' id='line_1_28' title="bbox 333 1303 1474 1360; baseline -0.003 -11"><span class='ocrx_word' id='word_1_112' title='bbox 333 1309 413 1349; x_wconf 88' lang='lat' dir='ltr'><em>Cui</em></span> <span class='ocrx_word' id='word_1_113' title='bbox 447 1324 529 1348; x_wconf 92' lang='lat' dir='ltr'><em>non</em></span> <span class='ocrx_word' id='word_1_114' title='bbox 561 1308 804 1348; x_wconf 84' lang='lat' dir='ltr'><em>admiscetur</em></span> <span class='ocrx_word' id='word_1_115' title='bbox 836 1308 992 1347; x_wconf 89' lang='lat' dir='ltr'><em>timoris</em></span> <span class='ocrx_word' id='word_1_116' title='bbox 1021 1306 1172 1360; x_wconf 81' lang='lat' dir='ltr'><em>aliquid</em></span> <span class='ocrx_word' id='word_1_117' title='bbox 1205 1318 1244 1346; x_wconf 91' lang='lat' dir='ltr'><em>et</em></span> <span class='ocrx_word' id='word_1_118' title='bbox 1276 1303 1474 1359; x_wconf 87' lang='lat' dir='ltr'><em>periculi!</em></span> 
     </span>
     <span class='ocr_line' id='line_1_29' title="bbox 332 1363 1285 1407; baseline -0.004 0"><span class='ocrx_word' id='word_1_119' title='bbox 332 1366 398 1407; x_wconf 88' lang='lat' dir='ltr'><em>Ita</em></span> <span class='ocrx_word' id='word_1_120' title='bbox 429 1381 502 1406; x_wconf 86' lang='lat' dir='ltr'><em>nos</em></span> <span class='ocrx_word' id='word_1_121' title='bbox 534 1381 646 1405; x_wconf 91' lang='lat' dir='ltr'><em>nunc</em></span> <span class='ocrx_word' id='word_1_122' title='bbox 678 1365 866 1405; x_wconf 87' lang='lat' dir='ltr'><em>sollicitat</em></span> <span class='ocrx_word' id='word_1_123' title='bbox 899 1363 1064 1404; x_wconf 76' lang='lat' dir='ltr'><em>Plausus</em></span> <span class='ocrx_word' id='word_1_124' title='bbox 1094 1365 1285 1404; x_wconf 83' lang='lat' dir='ltr'><em>absentia.</em></span> 
     </span>
     <span class='ocr_line' id='line_1_30' title="bbox 331 1421 1551 1477; baseline -0.001 -14"><span class='ocrx_word' id='word_1_125' title='bbox 331 1425 472 1477; x_wconf 84' lang='lat' dir='ltr'>Atque</span> <span class='ocrx_word' id='word_1_126' title='bbox 505 1438 649 1463; x_wconf 90' lang='lat' dir='ltr'><em>eccum</em></span> <span class='ocrx_word' id='word_1_127' title='bbox 682 1422 843 1462; x_wconf 85' lang='lat' dir='ltr'><em>Fucum</em></span> <span class='ocrx_word' id='word_1_128' title='bbox 875 1423 989 1462; x_wconf 88' lang='lat' dir='ltr'><em>cuius</em></span> <span class='ocrx_word' id='word_1_129' title='bbox 1020 1436 1092 1461; x_wconf 90' lang='lat' dir='ltr'><em>nos</em></span> <span class='ocrx_word' id='word_1_130' title='bbox 1125 1422 1347 1462; x_wconf 90' lang='lat' dir='ltr'><em>metuimus</em></span> <span class='ocrx_word' id='word_1_131' title='bbox 1379 1421 1551 1462; x_wconf 87' lang='lat' dir='ltr'><em>insidias.</em></span> 
     </span>
     <span class='ocr_line' id='line_1_31' title="bbox 332 1478 1624 1529; baseline -0.002 -7"><span class='ocrx_word' id='word_1_132' title='bbox 332 1482 443 1522; x_wconf 92' lang='lat' dir='ltr'><em>Nolo</em></span> <span class='ocrx_word' id='word_1_133' title='bbox 476 1482 505 1521; x_wconf 86' lang='lat' dir='ltr'><em>is</em></span> <span class='ocrx_word' id='word_1_134' title='bbox 536 1482 683 1521; x_wconf 89' lang='lat' dir='ltr'><em>sentiat</em></span> <span class='ocrx_word' id='word_1_135' title='bbox 714 1491 873 1519; x_wconf 89' lang='lat' dir='ltr'><em>metum</em></span> <span class='ocrx_word' id='word_1_136' title='bbox 906 1490 1090 1519; x_wconf 85' lang='lat' dir='ltr'><em>nostrum</em></span> <span class='ocrx_word' id='word_1_137' title='bbox 1123 1490 1162 1518; x_wconf 95' lang='lat' dir='ltr'><em>et</em></span> <span class='ocrx_word' id='word_1_138' title='bbox 1193 1478 1523 1519; x_wconf 88' lang='lat' dir='ltr'><em>sollicitudinem.</em></span> <span class='ocrx_word' id='word_1_139' title='bbox 1587 1497 1624 1529; x_wconf 85' lang='lat'><em>15</em></span> 
     </span>
     <span class='ocr_line' id='line_1_32' title="bbox 333 1536 1195 1591; baseline -0.005 -11"><span class='ocrx_word' id='word_1_140' title='bbox 333 1538 602 1591; x_wconf 85' lang='lat' dir='ltr'><em>Compellabo</em></span> <span class='ocrx_word' id='word_1_141' title='bbox 633 1539 858 1578; x_wconf 90' lang='lat' dir='ltr'><em>hominem.</em></span> <span class='ocrx_word' id='word_1_142' title='bbox 921 1537 1046 1589; x_wconf 85' lang='lat' dir='ltr'><em>Fuce,</em></span> <span class='ocrx_word' id='word_1_143' title='bbox 1078 1536 1195 1576; x_wconf 88' lang='lat' dir='ltr'><em>salve.</em></span> 
     </span>
     <span class='ocr_line' id='line_1_33' title="bbox 1222 1593 1513 1641; baseline 0.007 -8"><span class='ocrx_word' id='word_1_144' title='bbox 1222 1594 1329 1641; x_wconf 89' lang='lat' dir='ltr'><em>Quis</em></span> <span class='ocrx_word' id='word_1_145' title='bbox 1358 1593 1513 1635; x_wconf 87' lang='lat' dir='ltr'><em>homo?</em></span> 
     </span>
     <span class='ocr_line' id='line_1_34' title="bbox 334 1651 1295 1708; baseline -0.005 -12"><span class='ocrx_word' id='word_1_146' title='bbox 334 1655 377 1697; x_wconf 90' lang='lat' dir='ltr'>O</span> <span class='ocrx_word' id='word_1_147' title='bbox 410 1654 639 1708; x_wconf 87' lang='lat' dir='ltr'><em>Judicium,</em></span> <span class='ocrx_word' id='word_1_148' title='bbox 672 1668 765 1693; x_wconf 87' lang='lat' dir='ltr'><em>sane</em></span> <span class='ocrx_word' id='word_1_149' title='bbox 797 1668 892 1692; x_wconf 85' lang='lat' dir='ltr'><em>vero</em></span> <span class='ocrx_word' id='word_1_150' title='bbox 923 1651 1027 1692; x_wconf 87' lang='lat' dir='ltr'><em>salve</em></span> <span class='ocrx_word' id='word_1_151' title='bbox 1059 1652 1295 1705; x_wconf 90' lang='lat' dir='ltr'><em>plurimum.</em></span> 
     </span>
     <span class='ocr_line' id='line_1_35' title="bbox 337 1709 1625 1763; baseline -0.002 -11"><span class='ocrx_word' id='word_1_152' title='bbox 337 1712 478 1759; x_wconf 87' lang='lat' dir='ltr'><em>Quam</em></span> <span class='ocrx_word' id='word_1_153' title='bbox 511 1712 682 1751; x_wconf 92' lang='lat' dir='ltr'><em>comiter</em></span> <span class='ocrx_word' id='word_1_154' title='bbox 713 1721 753 1751; x_wconf 94' lang='lat' dir='ltr'><em>et</em></span> <span class='ocrx_word' id='word_1_155' title='bbox 784 1711 915 1750; x_wconf 87' lang='lat' dir='ltr'><em>amice</em></span> <span class='ocrx_word' id='word_1_156' title='bbox 945 1724 1068 1763; x_wconf 91' lang='lat' dir='ltr'><em>quem</em></span> <span class='ocrx_word' id='word_1_157' title='bbox 1097 1724 1169 1749; x_wconf 85' lang='lat' dir='ltr'><em>nos</em></span> <span class='ocrx_word' id='word_1_158' title='bbox 1196 1720 1280 1749; x_wconf 87' lang='lat' dir='ltr'><em>tam</em></span> <span class='ocrx_word' id='word_1_159' title='bbox 1309 1709 1470 1749; x_wconf 87' lang='lat' dir='ltr'><em>saeviter</em></span> <span class='ocrx_word' id='word_1_160' title='bbox 1497 1724 1625 1763; x_wconf 91' lang='lat' dir='ltr'><em>nuper</em></span> 
     </span>
     <span class='ocr_line' id='line_1_36' title="bbox 448 1767 703 1822; baseline -0.004 -13"><span class='ocrx_word' id='word_1_161' title='bbox 448 1770 676 1822; x_wconf 84' lang='lat' dir='ltr'><em>accepimus</em></span> <span class='ocrx_word' id='word_1_162' title='bbox 697 1767 703 1808; x_wconf 88' lang='lat'>!</span> 
     </span>
     <span class='ocr_line' id='line_1_37' title="bbox 335 1822 1423 1880; baseline -0.003 -13"><span class='ocrx_word' id='word_1_163' title='bbox 335 1828 510 1868; x_wconf 88' lang='lat' dir='ltr'><em>Hiccine</em></span> <span class='ocrx_word' id='word_1_164' title='bbox 542 1841 635 1880; x_wconf 81' lang='lat' dir='ltr'><em>erga</em></span> <span class='ocrx_word' id='word_1_165' title='bbox 665 1841 738 1865; x_wconf 88' lang='lat' dir='ltr'><em>nos</em></span> <span class='ocrx_word' id='word_1_166' title='bbox 770 1825 960 1865; x_wconf 86' lang='lat' dir='ltr'><em>hostilem</em></span> <span class='ocrx_word' id='word_1_167' title='bbox 991 1825 1177 1865; x_wconf 87' lang='lat' dir='ltr'><em>animum</em></span> <span class='ocrx_word' id='word_1_168' title='bbox 1208 1836 1251 1864; x_wconf 89' lang='lat' dir='ltr'><em>vt</em></span> <span class='ocrx_word' id='word_1_169' title='bbox 1282 1822 1423 1880; x_wconf 84' lang='lat' dir='ltr'><em>gerat!</em></span> 
     </span>
     <span class='ocr_line' id='line_1_38' title="bbox 331 1882 1627 1937; baseline -0.002 -11"><span class='ocrx_word' id='word_1_170' title='bbox 331 1884 529 1927; x_wconf 86' lang='lat' dir='ltr'><em>Gratulor</em></span> <span class='ocrx_word' id='word_1_171' title='bbox 550 1885 635 1936; x_wconf 85' lang='lat' dir='ltr'><em>tibi,</em></span> <span class='ocrx_word' id='word_1_172' title='bbox 657 1883 882 1937; x_wconf 88' lang='lat' dir='ltr'><em>Judicium,</em></span> <span class='ocrx_word' id='word_1_173' title='bbox 906 1884 989 1922; x_wconf 92' lang='lat' dir='ltr'><em>imo</em></span> <span class='ocrx_word' id='word_1_174' title='bbox 1011 1897 1059 1922; x_wconf 84' lang='lat' dir='ltr'><em>ex</em></span> <span class='ocrx_word' id='word_1_175' title='bbox 1081 1883 1219 1922; x_wconf 84' lang='lat' dir='ltr'><em>animo</em></span> <span class='ocrx_word' id='word_1_176' title='bbox 1240 1882 1419 1936; x_wconf 85' lang='lat' dir='ltr'><em>gratulor</em></span> <span class='ocrx_word' id='word_1_177' title='bbox 1439 1896 1547 1934; x_wconf 89' lang='lat' dir='ltr'><em>sane,</em></span> <span class='ocrx_word' id='word_1_178' title='bbox 1585 1902 1627 1925; x_wconf 80' lang='lat'><em>20</em></span> 
     </span>
     <span class='ocr_line' id='line_1_39' title="bbox 335 1940 1624 1996; baseline -0.002 -14"><span class='ocrx_word' id='word_1_179' title='bbox 335 1941 403 1983; x_wconf 92' lang='lat' dir='ltr'><em>De</em></span> <span class='ocrx_word' id='word_1_180' title='bbox 426 1941 495 1996; x_wconf 85' lang='lat' dir='ltr'><em>filij</em></span> <span class='ocrx_word' id='word_1_181' title='bbox 520 1942 579 1981; x_wconf 91' lang='lat' dir='ltr'><em>tui</em></span> <span class='ocrx_word' id='word_1_182' title='bbox 602 1942 754 1996; x_wconf 89' lang='lat' dir='ltr'><em>nuptijs</em></span> <span class='ocrx_word' id='word_1_183' title='bbox 776 1952 859 1980; x_wconf 87' lang='lat' dir='ltr'><em>tam</em></span> <span class='ocrx_word' id='word_1_184' title='bbox 881 1941 1086 1993; x_wconf 84' lang='lat' dir='ltr'><em>auspicato</em></span> <span class='ocrx_word' id='word_1_185' title='bbox 1114 1940 1254 1979; x_wconf 90' lang='lat' dir='ltr'><em>omnia</em></span> <span class='ocrx_word' id='word_1_186' title='bbox 1279 1940 1511 1980; x_wconf 84' lang='lat' dir='ltr'><em>successisse</em></span> <span class='ocrx_word' id='word_1_187' title='bbox 1537 1941 1624 1980; x_wconf 89' lang='lat' dir='ltr'><em>tibi.</em></span> 
     </span>
     <span class='ocr_line' id='line_1_40' title="bbox 338 1999 1388 2051; baseline -0.002 -11"><span class='ocrx_word' id='word_1_188' title='bbox 338 2000 503 2047; x_wconf 86' lang='lat' dir='ltr'><em>Quibus</em></span> <span class='ocrx_word' id='word_1_189' title='bbox 533 2011 579 2039; x_wconf 92' lang='lat' dir='ltr'><em>tu</em></span> <span class='ocrx_word' id='word_1_190' title='bbox 610 2013 739 2051; x_wconf 89' lang='lat' dir='ltr'><em>nuper</em></span> <span class='ocrx_word' id='word_1_191' title='bbox 769 1999 996 2038; x_wconf 85' lang='lat' dir='ltr'><em>adversatus</em></span> <span class='ocrx_word' id='word_1_192' title='bbox 1026 2012 1066 2038; x_wconf 88' lang='lat' dir='ltr'><em>es</em></span> <span class='ocrx_word' id='word_1_193' title='bbox 1097 2008 1182 2037; x_wconf 86' lang='lat' dir='ltr'><em>tam</em></span> <span class='ocrx_word' id='word_1_194' title='bbox 1211 2007 1388 2038; x_wconf 88' lang='lat' dir='ltr'><em>strenue.</em></span> 
     </span>
     <span class='ocr_line' id='line_1_41' title="bbox 332 2055 1564 2108; baseline -0.003 -10"><span class='ocrx_word' id='word_1_195' title='bbox 332 2057 447 2105; x_wconf 89' lang='lat' dir='ltr'><em>Quid</em></span> <span class='ocrx_word' id='word_1_196' title='bbox 479 2058 559 2097; x_wconf 87' lang='lat' dir='ltr'><em>iam</em></span> <span class='ocrx_word' id='word_1_197' title='bbox 590 2056 724 2096; x_wconf 84' lang='lat' dir='ltr'><em>dicam</em></span> <span class='ocrx_word' id='word_1_198' title='bbox 756 2056 902 2096; x_wconf 91' lang='lat' dir='ltr'><em>nescio.</em></span> <span class='ocrx_word' id='word_1_199' title='bbox 963 2056 1017 2095; x_wconf 91' lang='lat' dir='ltr'><em>oh</em></span> <span class='ocrx_word' id='word_1_200' title='bbox 1048 2070 1142 2095; x_wconf 88' lang='lat' dir='ltr'><em>sane</em></span> <span class='ocrx_word' id='word_1_201' title='bbox 1173 2069 1268 2095; x_wconf 89' lang='lat' dir='ltr'><em>vero</em></span> <span class='ocrx_word' id='word_1_202' title='bbox 1299 2055 1417 2095; x_wconf 91' lang='lat' dir='ltr'><em>crede</em></span> <span class='ocrx_word' id='word_1_203' title='bbox 1447 2055 1564 2108; x_wconf 87' lang='lat' dir='ltr'><em>mihi,</em></span> 
     </span>
     <span class='ocr_line' id='line_1_42' title="bbox 337 2114 895 2166; baseline -0.007 -11"><span class='ocrx_word' id='word_1_204' title='bbox 337 2115 555 2166; x_wconf 90' lang='lat' dir='ltr'><em>Iudicium,</em></span> <span class='ocrx_word' id='word_1_205' title='bbox 588 2114 704 2154; x_wconf 91' lang='lat' dir='ltr'><em>crede</em></span> <span class='ocrx_word' id='word_1_206' title='bbox 736 2114 895 2153; x_wconf 90' lang='lat' dir='ltr'><em>mihi—</em></span> 
     </span>
    </p>
   </div>
  </div>
 </body>
</html>
