1731 2360
189 175 258 243 84
793 177 1040 228 FUCUS
1315 184 1442 239 [Ac-r.
1467 194 1504 238 5,
1522 184 1584 227 Sc.
1608 187 1654 226 ο·

568 351 792 398 AcTUS
833 359 909 413 511⁵.
983 351 1201 397 scENA
1239 352 1281 398 6.

185 455 395 509 Ingenium.
461 454 651 496 Villanus.
713 454 918 495 Hirsutus.
981 454 1152 506 Mimas,
1177 454 1350 507 Comites,
1381 455 1457 496 &a
1519 454 1650 497 Fucus.

184 547 269 600 Ing.
351 545 481 601 Euge,
515 548 570 587 mi
604 562 700 587 mox
733 547 868 587 future
899 561 1035 602 gener.

187 604 264 646 Vil.
1037 605 1093 643 mi
1125 619 1236 644 socer
1267 603 1520 657 lepidissime.

185 662 269 714 Ing.
350 661 421 702 Te
442 662 557 702 nobis
580 662 781 702 redditum
805 676 887 702 esse
909 661 1055 714 volupe
1077 673 1158 703 est:
1192 676 1341 716 vosque
1370 663 1454 702 eius
1482 663 1652 704 comites

473 721 683 773 gratissimi
717 720 899 774 redijstis,

358 776 421 817 Ita
451 792 518 817 me
549 778 739 818 amassint
772 778 869 817 risus
900 788 940 817 et
972 777 1160 829 hilaritas,
1187 778 1239 817 ha
1265 778 1317 817 ha
1345 778 1409 829 he,
1436 777 1650 831 gratissimi

473 845 697 888 gratissimi.

187 891 265 934 Vil.
356 892 506 932 flectite
563 906 708 945 genua,
761 893 875 944 fatui,
926 892 1274 946 quemadmodum
1326 891 1480 933 Villani
1534 892 1650 934 decet

475 960 655 990 comltes.

185 1006 273 1048 Fue.
355 1007 482 1047 Nunc
514 1008 662 1047 iterum
693 1008 741 1047 ab
773 1008 848 1047 hac
881 1008 1038 1060 impura
1069 1008 1187 1047 turba
1217 1006 1470 1061 vapulavero.
1630 1026 1647 1058 5

188 1064 266 1107 Vil.
358 1064 401 1107 O
435 1075 534 1105 tune
566 1065 631 1104 hic
663 1080 746 1105 eras
777 1064 902 1105 sane?

184 1123 268 1175 Ing.
918 1123 1008 1162 tun'
1040 1136 1134 1162 eum
1167 1123 1289 1172 nosti,
1321 1121 1475 1176 gener?

361 1180 442 1220 Hic
475 1180 541 1220 ille
572 1191 629 1220 est
662 1180 967 1221 Histriomastix
998 1181 1066 1234 qui
1096 1194 1230 1220 meam
1256 1195 1358 1233 pene
1384 1180 1650 1233 pessundede-

476 1248 536 1278 rat
568 1237 844 1279 Comoediam.

187 1295 266 1337 Vil.
359 1295 402 1337 O
433 1295 562 1336 scelus
594 1296 680 1347 viri,
713 1306 825 1336 estne
857 1296 980 1335 etiam
1013 1294 1348 1335 Histriomastix?

184 1353 269 1406 Ing.
361 1353 449 1394 Cur
481 1353 578 1392 illud
611 1353 720 1393 addis
752 1352 954 1393 ‘etiam'?

188 1410 227 1452 V
226 1411 266 1451 il.
509 1410 701 1464 Rogitas?
733 1412 873 1451 vnicus
895 1421 953 1451 est
973 1425 1097 1464 quem
1119 1410 1212 1450 novi
1235 1409 1647 1450 Vtriculariomastix.

188 1468 272 1520 Ing.
354 1468 780 1508 Vtriculariomastix?
846 1469 912 1508 Ha
942 1469 992 1507 ha
1021 1469 1083 1508 he.

184 1525 312 1567 Mim.
937 1536 977 1565 et
1008 1524 1343 1580 maypolemastix
1373 1539 1546 1578 quoque.
1611 1545 1650 1567 10

186 1583 275 1625 Fue.
357 1583 530 1623 Vtinam
563 1598 673 1623 nunc
704 1599 830 1624 essem
859 1583 965 1637 apud
998 1582 1259 1622 prudentiam
1291 1580 1519 1635 hospitam!

188 1641 226 1683 V
226 1641 267 1681 il.
357 1640 413 1682 Et
444 1642 503 1681 his
534 1642 768 1681 nominibus
801 1641 966 1694 pulchre
999 1640 1115 1680 illurn
1147 1639 1265 1680 hodie
1296 1639 1604 1681 ludificavimus.

186 1699 273 1752 Ing.
352 1700 507 1738 vtinam
540 1699 655 1738 illum
687 1701 810 1739 etiam
841 1699 998 1739 luderes
1030 1698 1364 1752 Histriomastigis
1394 1698 1574 1739 nomine.

187 1756 265 1798 Vil.
356 1756 449 1797 Vah
482 1757 677 1810 dedignor
708 1757 763 1796 illi
796 1772 907 1797 nunc
939 1771 1014 1810 ego
1045 1770 1178 1795 meam
1211 1755 1473 1796 iracundiam.

185 1815 268 1867 Ing.
360 1814 501 1864 facete,
534 1814 753 1855 Villanule.

187 1872 265 1914 Vil.
771 1873 962 1924 ehodum,
996 1870 1144 1911 Mime.
1609 1891 1646 1921 15

185 1929 313 1970 Mim.
355 1929 450 1983 quid
483 1940 554 1982 est,
586 1929 711 1970 here?
751 1931 849 1984 quid
879 1928 968 1970 est?

188 1987 266 2030 Vil.
981 1997 1027 2026 tu
1059 1987 1106 2026 de
1139 1987 1213 2026 isto
1244 1984 1417 2039 fungulo

360 2045 697 2099 Histriomastigis
728 2046 896 2085 nomine
924 2043 1168 2097 supplicium
1198 2058 1325 2084 sume.

183 2102 311 2143 Mim.
1134 2116 1202 2154 per
1234 2101 1328 2141 deos
1358 2100 1647 2143 lubentissime.

188 2160 266 2202 Vil.
358 2160 539 2213 Hirsute,
572 2175 664 2213 rape
695 2172 739 2201 tu
770 2161 981 2201 hominem
1013 2159 1243 2200 sublimem.
