1731 2360
79 184 188 225 Aer.
214 194 252 236 5,
270 185 331 226 Sc.
359 185 419 239 5³]
500 178 1124 230 HISTRIOMASTIX
1476 178 1540 247 83

77 308 195 348 Puer.
248 308 450 359 Villanus,
483 310 592 360 here,
624 323 721 348 mox
752 308 878 348 aderit
909 318 949 348 et
981 308 1123 362 reliqui
1155 323 1310 349 omnes.

77 365 166 405 Fue.
249 366 344 406 Heu
377 381 456 418 me,
487 366 584 420 quid
616 381 682 406 me
714 381 826 406 nunc
858 364 959 406 fiet?

78 423 164 476 Ing.
973 422 1120 463 dixtin'
1150 434 1289 464 autem
1321 423 1376 463 illi

249 495 391 521 omnes
421 496 501 535 quo
532 491 650 534 pacto
682 481 783 521 Fuci
816 481 1044 521 deteximus
1074 480 1277 521 fallacias?

76 537 195 578 Puer.
246 537 414 591 affatim,
447 539 553 578 here.

75 595 160 648 Ing.
453 606 494 636 et
524 596 619 649 quid
652 595 748 635 ille?

74 652 193 694 Puer.
540 654 637 707 quid
659 652 796 707 rogas?
828 663 990 693 tantum
1012 668 1095 693 non
1118 654 1280 694 emoriri
1304 654 1463 707 gaudio.
1503 673 1544 704 50

74 711 160 763 Ing.
253 711 333 750 Hei
379 725 502 764 quam
548 710 691 751 hilares
737 725 834 750 mox
880 711 1042 763 erimus,
1089 711 1305 763 cantando,
1347 711 1543 764 saltando,

363 768 543 820 ridendo,

248 823 520 867 Gratulando.
593 841 658 866 nae
708 837 762 878 te,
803 824 930 877 Fuce,
973 827 1166 866 miserum
1206 836 1265 867 sat
1305 827 1543 867 habebimus

364 883 495 935 hodie,

247 941 358 981 Nam
390 951 435 980 tu
466 956 562 981 cum
593 951 735 981 senatu
775 941 1083 981 fraterculorum
1116 951 1156 981 et
1186 956 1370 982 sororum
1407 943 1540 982 nobis-

362 1013 457 1038 cum
491 999 574 1039 ibis.

75 1055 164 1096 Fuc.
244 1055 335 1096 Imo
367 1071 432 1095 me
464 1057 630 1096 missum
663 1057 762 1096 face.

74 1114 162 1154 Iud.
813 1129 980 1167 aequum
1012 1124 1083 1165 est,
1115 1114 1348 1168 Ingenium.
1409 1115 1502 1155 satis

247 1170 311 1210 ille
354 1172 469 1211 nobis
511 1186 729 1224 poenarum
773 1172 926 1211 dederit
970 1172 1010 1211 in
1054 1186 1188 1211 scaena
1230 1173 1298 1225 qui
1342 1182 1427 1212 tarn
1470 1172 1539 1213 diu

362 1228 582 1269 ludibrium
613 1229 745 1269 fuerit.
1500 1250 1537 1281 55

72 1286 156 1339 Ing.
229 1286 288 1326 At
321 1285 511 1326 Plausum
545 1286 778 1327 Comoediae
813 1286 951 1326 reddet
982 1287 1102 1340 prius.

75 1343 160 1384 Iud.
236 1359 358 1397 penes
388 1345 466 1384 hoc
496 1354 739 1397 spectatores
770 1359 850 1384 esse
881 1344 994 1384 solet.

72 1401 157 1454 Ing.
678 1417 819 1442 eorum
852 1403 985 1455 itaque
1018 1403 1312 1458 benignitatem
1344 1403 1535 1456 experiar.

71 1459 158 1498 Iud.
234 1473 307 1513 age
340 1458 543 1499 foeliciter.
606 1474 680 1513 ego
712 1474 778 1500 me
811 1460 932 1499 intus.

71 1516 155 1569 Ing.
922 1517 1037 1564 Quid
1068 1528 1113 1557 tu
1144 1534 1252 1570 vero,
1285 1518 1537 1559 Comoedia?

73 1574 177 1615 Com.
240 1574 390 1629 Egon’,
422 1573 563 1628 pater?
605 1576 712 1614 intro
743 1590 809 1615 me
841 1590 937 1615 curn
971 1574 1241 1617 Philomathe.

69 1632 154 1684 Ing.
237 1632 348 1672 Nam
379 1633 658 1686 quamobrem,
691 1647 781 1672 mea
813 1631 924 1673 filia?

73 1690 176 1730 Com.
822 1691 968 1744 quippe
1002 1691 1149 1731 isthinc
1180 1693 1209 1731 si
1242 1706 1292 1731 ex
1324 1692 1435 1732 vobis
1494 1702 1535 1734 60

245 1747 326 1787 Res
347 1749 593 1800 successerit,
615 1748 751 1788 audire
774 1748 868 1788 licet
884 1749 976 1788 satis
997 1749 1227 1801 commode,
1244 1751 1273 1789 si
1296 1750 1392 1803 quid
1409 1764 1535 1801 secus,

242 1804 412 1846 Dolebit
442 1807 588 1846 minus.

69 1863 153 1915 Ing.
330 1864 510 1903 ominare
534 1864 649 1903 bene.
687 1863 809 1903 modo
833 1874 878 1903 tu
900 1879 988 1903 eam
1011 1865 1219 1917 comitare,
1243 1863 1531 1906 Philomathes.

68 1920 159 1961 Phi.
240 1920 331 1961 Imo
362 1921 618 1974 pedissequus
649 1936 717 1961 ero
748 1936 824 1961 nec
855 1937 877 1961 a
906 1920 1127 1962 Comoedia
1152 1937 1217 1962 me
1248 1937 1425 1977 vnquam
1455 1923 1534 1963 dis-

359 1979 470 2033 iungi
504 1980 640 2031 patiar.

68 2036 153 2088 Ing.
237 2035 352 2083 Quid
383 2037 477 2090 agis,
511 2035 653 2076 Fuce?

68 2094 157 2134 Fue.
355 2094 498 2148 Apage
519 2109 541 2134 a
563 2109 628 2134 me
649 2106 803 2135 actores
824 2110 966 2135 omnes
987 2106 1136 2135 vestros
1158 2106 1197 2135 et
1218 2096 1398 2136 actiones
1418 2096 1529 2138 adeo.

67 2151 152 2204 Ing.
235 2152 302 2192 Ha
332 2152 383 2191 ha
415 2149 493 2192 he!
534 2152 603 2192 sed
633 2153 824 2192 tibiarum
855 2154 1036 2193 sonitum
1067 2153 1199 2193 audio.
1261 2164 1381 2207 atque
1412 2169 1519 2195 ecce.

1347 2237 1438 2271 6-2
