<?xml version="1.0" encoding="UTF-8"?>
<!DOCTYPE html PUBLIC "-//W3C//DTD XHTML 1.0 Transitional//EN"
    "http://www.w3.org/TR/xhtml1/DTD/xhtml1-transitional.dtd">
<html xmlns="http://www.w3.org/1999/xhtml" xml:lang="en" lang="en">
 <head>
  <title>
</title>
<meta http-equiv="Content-Type" content="text/html;charset=utf-8" />
  <meta name='ocr-system' content='tesseract 3.04.00' />
  <meta name='ocr-capabilities' content='ocr_page ocr_carea ocr_par ocr_line ocrx_word'/>
</head>
<body>
  <div class='ocr_page' id='page_1' title='image "./fucushistriomast00warduoft_0035.png"; bbox 0 0 1731 2360; ppageno 0'>
   <div class='ocr_carea' id='block_1_1' title="bbox 134 114 1591 173">
    <p class='ocr_par' dir='ltr' id='par_1_1' title="bbox 134 114 1591 173">
     <span class='ocr_line' id='line_1_1' title="bbox 134 114 1591 173; baseline 0.005 -16"><span class='ocrx_word' id='word_1_1' title='bbox 134 119 242 160; x_wconf 87' lang='lat' dir='ltr'><strong>ACT.</strong></span> <span class='ocrx_word' id='word_1_2' title='bbox 270 132 304 172; x_wconf 90' lang='lat'><strong>1,</strong></span> <span class='ocrx_word' id='word_1_3' title='bbox 329 118 390 160; x_wconf 89' lang='lat' dir='ltr'><strong>Sc.</strong></span> <span class='ocrx_word' id='word_1_4' title='bbox 415 119 476 173; x_wconf 61' lang='lat'><strong>22²]</strong></span> <span class='ocrx_word' id='word_1_5' title='bbox 555 114 1180 165; x_wconf 82' lang='lat' dir='ltr'>HISTRIOMASTIX</span> <span class='ocrx_word' id='word_1_6' title='bbox 1537 132 1553 165; x_wconf 94' lang='lat'>1</span> <span class='ocrx_word' id='word_1_7' title='bbox 1575 132 1591 164; x_wconf 93' lang='lat'>1</span> 
     </span>
    </p>
   </div>
   <div class='ocr_carea' id='block_1_2' title="bbox 133 413 221 455">
    <p class='ocr_par' dir='ltr' id='par_1_2' title="bbox 133 413 221 455">
     <span class='ocr_line' id='line_1_2' title="bbox 133 413 221 455; baseline 0.023 -2"><span class='ocrx_word' id='word_1_8' title='bbox 133 413 170 453; x_wconf 89' lang='lat' dir='ltr'><em>F</em></span> <span class='ocrx_word' id='word_1_9' title='bbox 168 429 221 455; x_wconf 86' lang='lat' dir='ltr'><strong>uc.</strong></span> 
     </span>
    </p>
   </div>
   <div class='ocr_carea' id='block_1_3' title="bbox 132 585 232 627">
    <p class='ocr_par' dir='ltr' id='par_1_3' title="bbox 132 585 232 627">
     <span class='ocr_line' id='line_1_3' title="bbox 132 585 232 627; baseline 0.01 -1"><span class='ocrx_word' id='word_1_10' title='bbox 132 585 232 627; x_wconf 88' lang='lat' dir='ltr'><strong><em>Pru.</em></strong></span> 
     </span>
    </p>
   </div>
   <div class='ocr_carea' id='block_1_4' title="bbox 132 701 223 799">
    <p class='ocr_par' dir='ltr' id='par_1_4' title="bbox 132 701 223 799">
     <span class='ocr_line' id='line_1_4' title="bbox 133 701 223 742; baseline 0.011 -1"><span class='ocrx_word' id='word_1_11' title='bbox 133 701 223 742; x_wconf 87' lang='lat' dir='ltr'><strong>Cor.</strong></span> 
     </span>
     <span class='ocr_line' id='line_1_5' title="bbox 132 757 221 799; baseline 0.011 -1"><span class='ocrx_word' id='word_1_12' title='bbox 132 757 221 799; x_wconf 88' lang='lat' dir='ltr'><em>Fuc.</em></span> 
     </span>
    </p>
   </div>
   <div class='ocr_carea' id='block_1_5' title="bbox 130 873 229 914">
    <p class='ocr_par' dir='ltr' id='par_1_5' title="bbox 130 873 229 914">
     <span class='ocr_line' id='line_1_6' title="bbox 130 873 229 914; baseline -0.01 0"><span class='ocrx_word' id='word_1_13' title='bbox 130 873 229 914; x_wconf 87' lang='lat' dir='ltr'><strong><em>Pru.</em></strong></span> 
     </span>
    </p>
   </div>
   <div class='ocr_carea' id='block_1_6' title="bbox 130 1046 221 1203">
    <p class='ocr_par' dir='ltr' id='par_1_6' title="bbox 130 1046 221 1203">
     <span class='ocr_line' id='line_1_7' title="bbox 132 1046 221 1087; baseline 0.011 -1"><span class='ocrx_word' id='word_1_14' title='bbox 132 1046 221 1087; x_wconf 86' lang='lat' dir='ltr'><strong>Cor.</strong></span> 
     </span>
     <span class='ocr_line' id='line_1_8' title="bbox 130 1163 219 1203; baseline 0 0"><span class='ocrx_word' id='word_1_15' title='bbox 130 1163 167 1203; x_wconf 90' lang='lat' dir='ltr'><em>F</em></span> <span class='ocrx_word' id='word_1_16' title='bbox 166 1178 219 1203; x_wconf 87' lang='lat' dir='ltr'><strong>uc.</strong></span> 
     </span>
    </p>
   </div>
   <div class='ocr_carea' id='block_1_7' title="bbox 129 1279 222 1377">
    <p class='ocr_par' dir='ltr' id='par_1_7' title="bbox 129 1279 222 1377">
     <span class='ocr_line' id='line_1_9' title="bbox 131 1279 222 1319; baseline -0.011 0"><span class='ocrx_word' id='word_1_17' title='bbox 131 1279 222 1319; x_wconf 88' lang='lat' dir='ltr'><strong>Cor.</strong></span> 
     </span>
     <span class='ocr_line' id='line_1_10' title="bbox 129 1337 218 1377; baseline 0.011 -1"><span class='ocrx_word' id='word_1_18' title='bbox 129 1337 166 1376; x_wconf 92' lang='lat' dir='ltr'><em>F</em></span> <span class='ocrx_word' id='word_1_19' title='bbox 165 1352 218 1377; x_wconf 86' lang='lat' dir='ltr'><strong>uc.</strong></span> 
     </span>
    </p>
   </div>
   <div class='ocr_carea' id='block_1_8' title="bbox 128 1453 220 1550">
    <p class='ocr_par' dir='ltr' id='par_1_8' title="bbox 128 1453 220 1550">
     <span class='ocr_line' id='line_1_11' title="bbox 131 1453 220 1492; baseline -0.013 0"><span class='ocrx_word' id='word_1_20' title='bbox 131 1453 220 1492; x_wconf 88' lang='lat' dir='ltr'><strong>Cor.</strong></span> 
     </span>
     <span class='ocr_line' id='line_1_12' title="bbox 128 1510 217 1550; baseline -0.013 0"><span class='ocrx_word' id='word_1_21' title='bbox 128 1510 217 1550; x_wconf 89' lang='lat' dir='ltr'><strong>Fuc.</strong></span> 
     </span>
    </p>
   </div>
   <div class='ocr_carea' id='block_1_9' title="bbox 129 1625 231 1780">
    <p class='ocr_par' dir='ltr' id='par_1_9' title="bbox 129 1625 231 1780">
     <span class='ocr_line' id='line_1_13' title="bbox 131 1625 221 1665; baseline -0.011 0"><span class='ocrx_word' id='word_1_22' title='bbox 131 1625 166 1665; x_wconf 91' lang='lat' dir='ltr'><em>C</em></span> <span class='ocrx_word' id='word_1_23' title='bbox 168 1640 221 1665; x_wconf 85' lang='lat' dir='ltr'><strong>or.</strong></span> 
     </span>
     <span class='ocr_line' id='line_1_14' title="bbox 129 1682 231 1723; baseline -0.01 0"><span class='ocrx_word' id='word_1_24' title='bbox 129 1682 231 1723; x_wconf 87' lang='lat' dir='ltr'><em>Pru.</em></span> 
     </span>
     <span class='ocr_line' id='line_1_15' title="bbox 130 1740 220 1780; baseline 0 0"><span class='ocrx_word' id='word_1_25' title='bbox 130 1740 166 1780; x_wconf 93' lang='lat' dir='ltr'><em>C</em></span> <span class='ocrx_word' id='word_1_26' title='bbox 167 1755 220 1780; x_wconf 88' lang='lat' dir='ltr'><strong>or.</strong></span> 
     </span>
    </p>
   </div>
   <div class='ocr_carea' id='block_1_10' title="bbox 128 1855 221 2068">
    <p class='ocr_par' dir='ltr' id='par_1_10' title="bbox 128 1855 221 2068">
     <span class='ocr_line' id='line_1_16' title="bbox 128 1855 217 1896; baseline 0.011 -1"><span class='ocrx_word' id='word_1_27' title='bbox 128 1855 165 1895; x_wconf 86' lang='lat' dir='ltr'><em>F</em></span> <span class='ocrx_word' id='word_1_28' title='bbox 164 1871 217 1896; x_wconf 73' lang='lat' dir='ltr'><strong>uc·</strong></span> 
     </span>
     <span class='ocr_line' id='line_1_17' title="bbox 131 1913 221 1954; baseline 0.011 -1"><span class='ocrx_word' id='word_1_29' title='bbox 131 1913 166 1953; x_wconf 91' lang='lat' dir='ltr'><em>C</em></span> <span class='ocrx_word' id='word_1_30' title='bbox 168 1928 221 1954; x_wconf 82' lang='lat' dir='ltr'><strong>or.</strong></span> 
     </span>
     <span class='ocr_line' id='line_1_18' title="bbox 129 1969 217 2012; baseline 0.023 -2"><span class='ocrx_word' id='word_1_31' title='bbox 129 1969 166 2010; x_wconf 91' lang='lat' dir='ltr'><em>F</em></span> <span class='ocrx_word' id='word_1_32' title='bbox 165 1986 217 2012; x_wconf 91' lang='lat' dir='ltr'><strong>uc.</strong></span> 
     </span>
     <span class='ocr_line' id='line_1_19' title="bbox 131 2028 221 2068; baseline -0.011 0"><span class='ocrx_word' id='word_1_33' title='bbox 131 2028 221 2068; x_wconf 85' lang='lat' dir='ltr'><strong>Cor.</strong></span> 
     </span>
    </p>
   </div>
   <div class='ocr_carea' id='block_1_11' title="bbox 305 242 1601 353">
    <p class='ocr_par' dir='ltr' id='par_1_11' title="bbox 305 242 1601 353">
     <span class='ocr_line' id='line_1_20' title="bbox 305 242 1601 298; baseline 0 -16"><span class='ocrx_word' id='word_1_34' title='bbox 305 243 420 283; x_wconf 83' lang='lat' dir='ltr'><strong>otiosi</strong></span> <span class='ocrx_word' id='word_1_35' title='bbox 443 243 660 297; x_wconf 86' lang='lat' dir='ltr'>quotannis</span> <span class='ocrx_word' id='word_1_36' title='bbox 687 254 884 284; x_wconf 83' lang='lat' dir='ltr'><strong>extruunt</strong></span> <span class='ocrx_word' id='word_1_37' title='bbox 913 243 1183 293; x_wconf 86' lang='lat' dir='ltr'><strong>tenebriones,</strong></span> <span class='ocrx_word' id='word_1_38' title='bbox 1210 257 1302 296; x_wconf 87' lang='lat' dir='ltr'><strong>quae</strong></span> <span class='ocrx_word' id='word_1_39' title='bbox 1333 242 1455 296; x_wconf 78' lang='lat' dir='ltr'><strong>vulgo</strong></span> <span class='ocrx_word' id='word_1_40' title='bbox 1486 257 1601 298; x_wconf 90' lang='lat' dir='ltr'><strong>may-</strong></span> 
     </span>
     <span class='ocr_line' id='line_1_21' title="bbox 421 300 1599 353; baseline -0.001 -13"><span class='ocrx_word' id='word_1_41' title='bbox 421 300 510 353; x_wconf 90' lang='lat' dir='ltr'><strong>pole</strong></span> <span class='ocrx_word' id='word_1_42' title='bbox 541 300 665 341; x_wconf 87' lang='lat' dir='ltr'><strong>audit.</strong></span> <span class='ocrx_word' id='word_1_43' title='bbox 1559 318 1599 349; x_wconf 80' lang='lat'><strong>55</strong></span> 
     </span>
    </p>
   </div>
   <div class='ocr_carea' id='block_1_12' title="bbox 302 356 1600 814">
    <p class='ocr_par' dir='ltr' id='par_1_12' title="bbox 304 356 865 411">
     <span class='ocr_line' id='line_1_22' title="bbox 304 356 865 411; baseline 0.002 -14"><span class='ocrx_word' id='word_1_44' title='bbox 304 357 476 398; x_wconf 90' lang='lat' dir='ltr'><strong>Illamne</strong></span> <span class='ocrx_word' id='word_1_45' title='bbox 509 359 578 410; x_wconf 91' lang='lat' dir='ltr'><strong>vis,</strong></span> <span class='ocrx_word' id='word_1_46' title='bbox 609 356 865 411; x_wconf 84' lang='lat' dir='ltr'><strong>praeceptor?</strong></span> 
     </span>
    </p>

    <p class='ocr_par' dir='ltr' id='par_1_13' title="bbox 826 415 1600 468">
     <span class='ocr_line' id='line_1_23' title="bbox 826 415 1600 468; baseline -0.003 -12"><span class='ocrx_word' id='word_1_47' title='bbox 826 416 979 456; x_wconf 91' lang='lat' dir='ltr'><strong>Tenes.</strong></span> <span class='ocrx_word' id='word_1_48' title='bbox 1033 415 1193 455; x_wconf 89' lang='lat' dir='ltr'><strong>nullum</strong></span> <span class='ocrx_word' id='word_1_49' title='bbox 1216 416 1326 455; x_wconf 79' lang='lat' dir='ltr'><strong>enlm</strong></span> <span class='ocrx_word' id='word_1_50' title='bbox 1349 416 1476 455; x_wconf 87' lang='lat' dir='ltr'><strong>ferme</strong></span> <span class='ocrx_word' id='word_1_51' title='bbox 1498 429 1600 468; x_wconf 87' lang='lat' dir='ltr'><strong>prae-</strong></span> 
     </span>
    </p>

    <p class='ocr_par' dir='ltr' id='par_1_14' title="bbox 304 473 1599 754">
     <span class='ocr_line' id='line_1_24' title="bbox 420 473 742 527; baseline 0.003 -15"><span class='ocrx_word' id='word_1_52' title='bbox 420 473 572 513; x_wconf 89' lang='lat' dir='ltr'><strong>terieris</strong></span> <span class='ocrx_word' id='word_1_53' title='bbox 593 487 742 527; x_wconf 82' lang='lat' dir='ltr'><strong>pagum</strong></span> 
     </span>
     <span class='ocr_line' id='line_1_25' title="bbox 305 529 1527 584; baseline 0.001 -15"><span class='ocrx_word' id='word_1_54' title='bbox 305 529 391 577; x_wconf 86' lang='lat' dir='ltr'><strong>Qui</strong></span> <span class='ocrx_word' id='word_1_55' title='bbox 424 545 506 570; x_wconf 92' lang='lat' dir='ltr'><strong>non</strong></span> <span class='ocrx_word' id='word_1_56' title='bbox 539 545 743 584; x_wconf 84' lang='lat' dir='ltr'><strong>paganum</strong></span> <span class='ocrx_word' id='word_1_57' title='bbox 775 531 873 571; x_wconf 90' lang='lat' dir='ltr'><strong>illud</strong></span> <span class='ocrx_word' id='word_1_58' title='bbox 904 531 1001 571; x_wconf 85' lang='lat' dir='ltr'><strong>colit</strong></span> <span class='ocrx_word' id='word_1_59' title='bbox 1032 542 1072 571; x_wconf 91' lang='lat' dir='ltr'><strong>et</strong></span> <span class='ocrx_word' id='word_1_60' title='bbox 1105 530 1260 570; x_wconf 89' lang='lat' dir='ltr'><strong>idolum</strong></span> <span class='ocrx_word' id='word_1_61' title='bbox 1292 530 1527 570; x_wconf 83' lang='lat' dir='ltr'><strong>execrabile.</strong></span> 
     </span>
     <span class='ocr_line' id='line_1_26' title="bbox 304 586 1445 641; baseline 0 -14"><span class='ocrx_word' id='word_1_62' title='bbox 304 586 419 639; x_wconf 90' lang='lat' dir='ltr'><strong>Sane,</strong></span> <span class='ocrx_word' id='word_1_63' title='bbox 452 588 641 641; x_wconf 83' lang='lat' dir='ltr'><strong>magister</strong></span> <span class='ocrx_word' id='word_1_64' title='bbox 673 588 798 640; x_wconf 87' lang='lat' dir='ltr'><strong>Fuce,</strong></span> <span class='ocrx_word' id='word_1_65' title='bbox 832 589 897 628; x_wconf 85' lang='lat' dir='ltr'><strong>vix</strong></span> <span class='ocrx_word' id='word_1_66' title='bbox 930 589 1007 628; x_wconf 93' lang='lat' dir='ltr'><strong>hoc</strong></span> <span class='ocrx_word' id='word_1_67' title='bbox 1039 600 1224 641; x_wconf 88' lang='lat' dir='ltr'><strong>putarem</strong></span> <span class='ocrx_word' id='word_1_68' title='bbox 1256 587 1445 628; x_wconf 86' lang='lat' dir='ltr'><strong>credibile</strong></span> 
     </span>
     <span class='ocr_line' id='line_1_27' title="bbox 305 643 1141 699; baseline 0.002 -15"><span class='ocrx_word' id='word_1_69' title='bbox 305 643 400 684; x_wconf 86' lang='lat' dir='ltr'><strong>Nisi</strong></span> <span class='ocrx_word' id='word_1_70' title='bbox 422 655 468 685; x_wconf 92' lang='lat' dir='ltr'><strong>tu</strong></span> <span class='ocrx_word' id='word_1_71' title='bbox 490 645 529 684; x_wconf 91' lang='lat' dir='ltr'><strong>id</strong></span> <span class='ocrx_word' id='word_1_72' title='bbox 551 645 701 685; x_wconf 86' lang='lat' dir='ltr'><strong>diceres</strong></span> <span class='ocrx_word' id='word_1_73' title='bbox 722 647 790 699; x_wconf 87' lang='lat' dir='ltr'><strong>qui</strong></span> <span class='ocrx_word' id='word_1_74' title='bbox 814 646 977 686; x_wconf 90' lang='lat' dir='ltr'><strong>mentiri</strong></span> <span class='ocrx_word' id='word_1_75' title='bbox 1002 646 1141 686; x_wconf 90' lang='lat' dir='ltr'><strong>nescis.</strong></span> 
     </span>
     <span class='ocr_line' id='line_1_28' title="bbox 983 702 1599 754; baseline 0 -12"><span class='ocrx_word' id='word_1_76' title='bbox 983 704 1056 743; x_wconf 87' lang='lat' dir='ltr'><strong>nisi</strong></span> <span class='ocrx_word' id='word_1_77' title='bbox 1079 702 1328 754; x_wconf 83' lang='lat' dir='ltr'><strong>clanculum,</strong></span> <span class='ocrx_word' id='word_1_78' title='bbox 1350 702 1599 743; x_wconf 81' lang='lat' dir='ltr'><strong>clanculum.</strong></span> 
     </span>
    </p>

    <p class='ocr_par' dir='ltr' id='par_1_15' title="bbox 302 759 1598 814">
     <span class='ocr_line' id='line_1_29' title="bbox 302 759 1598 814; baseline 0.001 -15"><span class='ocrx_word' id='word_1_79' title='bbox 302 759 404 800; x_wconf 86' lang='lat' dir='ltr'><strong>Sane</strong></span> <span class='ocrx_word' id='word_1_80' title='bbox 444 775 538 800; x_wconf 89' lang='lat' dir='ltr'><strong>vero</strong></span> <span class='ocrx_word' id='word_1_81' title='bbox 578 761 649 814; x_wconf 87' lang='lat' dir='ltr'><strong>(ex</strong></span> <span class='ocrx_word' id='word_1_82' title='bbox 687 761 825 800; x_wconf 87' lang='lat' dir='ltr'><strong>animo</strong></span> <span class='ocrx_word' id='word_1_83' title='bbox 867 764 1026 813; x_wconf 82' lang='lat' dir='ltr'><strong>precor)</strong></span> <span class='ocrx_word' id='word_1_84' title='bbox 1062 762 1219 801; x_wconf 84' lang='lat' dir='ltr'><strong>vtinam</strong></span> <span class='ocrx_word' id='word_1_85' title='bbox 1259 762 1348 800; x_wconf 86' lang='lat' dir='ltr'><strong>haec</strong></span> <span class='ocrx_word' id='word_1_86' title='bbox 1384 775 1469 800; x_wconf 92' lang='lat' dir='ltr'><strong>non</strong></span> <span class='ocrx_word' id='word_1_87' title='bbox 1506 775 1598 800; x_wconf 84' lang='lat' dir='ltr'><strong>vera</strong></span> 
     </span>
    </p>
   </div>
   <div class='ocr_carea' id='block_1_13' title="bbox 303 817 1602 986">
    <p class='ocr_par' dir='ltr' id='par_1_16' title="bbox 303 817 1602 986">
     <span class='ocr_line' id='line_1_30' title="bbox 418 817 1602 870; baseline 0.003 -13"><span class='ocrx_word' id='word_1_88' title='bbox 418 828 562 870; x_wconf 86' lang='lat' dir='ltr'><strong>essent,</strong></span> <span class='ocrx_word' id='word_1_89' title='bbox 595 832 685 858; x_wconf 86' lang='lat' dir='ltr'><strong>mea</strong></span> <span class='ocrx_word' id='word_1_90' title='bbox 718 817 950 858; x_wconf 82' lang='lat' dir='ltr'><strong>Prudentia.</strong></span> <span class='ocrx_word' id='word_1_91' title='bbox 1557 827 1602 860; x_wconf 89' lang='lat'><strong>60</strong></span> 
     </span>
     <span class='ocr_line' id='line_1_31' title="bbox 303 874 1598 931; baseline 0.002 -17"><span class='ocrx_word' id='word_1_92' title='bbox 303 874 419 915; x_wconf 89' lang='lat' dir='ltr'><strong>facile</strong></span> <span class='ocrx_word' id='word_1_93' title='bbox 450 875 585 926; x_wconf 87' lang='lat' dir='ltr'><strong>credo,</strong></span> <span class='ocrx_word' id='word_1_94' title='bbox 619 891 714 915; x_wconf 89' lang='lat' dir='ltr'><strong>nam</strong></span> <span class='ocrx_word' id='word_1_95' title='bbox 747 886 791 916; x_wconf 86' lang='lat' dir='ltr'><strong>tu</strong></span> <span class='ocrx_word' id='word_1_96' title='bbox 822 876 918 929; x_wconf 91' lang='lat' dir='ltr'><strong>(nec</strong></span> <span class='ocrx_word' id='word_1_97' title='bbox 951 877 1117 930; x_wconf 85' lang='lat' dir='ltr'><strong>iniuria)</strong></span> <span class='ocrx_word' id='word_1_98' title='bbox 1148 876 1339 916; x_wconf 87' lang='lat' dir='ltr'><strong>omnibus</strong></span> <span class='ocrx_word' id='word_1_99' title='bbox 1371 874 1408 915; x_wconf 89' lang='lat' dir='ltr'><strong>id</strong></span> <span class='ocrx_word' id='word_1_100' title='bbox 1440 876 1598 931; x_wconf 85' lang='lat' dir='ltr'><strong>generis</strong></span> 
     </span>
     <span class='ocr_line' id='line_1_32' title="bbox 418 947 576 986; baseline 0 -14"><span class='ocrx_word' id='word_1_101' title='bbox 418 947 576 986; x_wconf 88' lang='lat' dir='ltr'><strong>semper</strong></span> 
     </span>
    </p>
   </div>
   <div class='ocr_carea' id='block_1_14' title="bbox 299 989 1600 2138">
    <p class='ocr_par' dir='ltr' id='par_1_17' title="bbox 299 989 1600 2138">
     <span class='ocr_line' id='line_1_33' title="bbox 302 989 760 1044; baseline 0 -14"><span class='ocrx_word' id='word_1_102' title='bbox 302 989 531 1031; x_wconf 79' lang='lat' dir='ltr'><strong>adversatus</strong></span> <span class='ocrx_word' id='word_1_103' title='bbox 562 1006 602 1031; x_wconf 89' lang='lat' dir='ltr'><strong>es</strong></span> <span class='ocrx_word' id='word_1_104' title='bbox 633 991 760 1044; x_wconf 81' lang='lat' dir='ltr'><strong>nugis.</strong></span> 
     </span>
     <span class='ocr_line' id='line_1_34' title="bbox 302 1048 1600 1102; baseline 0.002 -15"><span class='ocrx_word' id='word_1_105' title='bbox 302 1058 342 1088; x_wconf 87' lang='lat' dir='ltr'><strong>at</strong></span> <span class='ocrx_word' id='word_1_106' title='bbox 380 1048 566 1102; x_wconf 89' lang='lat' dir='ltr'><strong>nunquid</strong></span> <span class='ocrx_word' id='word_1_107' title='bbox 606 1048 754 1089; x_wconf 87' lang='lat' dir='ltr'><strong>oblitus</strong></span> <span class='ocrx_word' id='word_1_108' title='bbox 794 1063 848 1100; x_wconf 79' lang='lat' dir='ltr'><strong>eS,</strong></span> <span class='ocrx_word' id='word_1_109' title='bbox 887 1060 1121 1102; x_wconf 84' lang='lat' dir='ltr'><strong>praeceptor,</strong></span> <span class='ocrx_word' id='word_1_110' title='bbox 1159 1060 1200 1089; x_wconf 90' lang='lat' dir='ltr'><strong>vt</strong></span> <span class='ocrx_word' id='word_1_111' title='bbox 1242 1048 1417 1102; x_wconf 87' lang='lat' dir='ltr'><strong>vndique</strong></span> <span class='ocrx_word' id='word_1_112' title='bbox 1459 1049 1600 1089; x_wconf 91' lang='lat' dir='ltr'><strong>diebus</strong></span> 
     </span>
     <span class='ocr_line' id='line_1_35' title="bbox 418 1105 614 1146; baseline 0 -1"><span class='ocrx_word' id='word_1_113' title='bbox 418 1106 582 1146; x_wconf 84' lang='lat' dir='ltr'><strong>festis—</strong></span> <span class='ocrx_word' id='word_1_114' title='bbox 601 1105 614 1145; x_wconf 84' lang='lat'>?</span> 
     </span>
     <span class='ocr_line' id='line_1_36' title="bbox 305 1163 1598 1219; baseline 0 -15"><span class='ocrx_word' id='word_1_115' title='bbox 305 1163 378 1205; x_wconf 90' lang='lat' dir='ltr'><strong>Oh</strong></span> <span class='ocrx_word' id='word_1_116' title='bbox 414 1178 539 1217; x_wconf 82' lang='lat' dir='ltr'><strong>apage</strong></span> <span class='ocrx_word' id='word_1_117' title='bbox 574 1178 597 1203; x_wconf 91' lang='lat' dir='ltr'><strong>a</strong></span> <span class='ocrx_word' id='word_1_118' title='bbox 633 1178 698 1203; x_wconf 90' lang='lat' dir='ltr'><strong>me</strong></span> <span class='ocrx_word' id='word_1_119' title='bbox 735 1164 817 1203; x_wconf 88' lang='lat' dir='ltr'><strong>dies</strong></span> <span class='ocrx_word' id='word_1_120' title='bbox 854 1164 947 1203; x_wconf 85' lang='lat' dir='ltr'><strong>istos</strong></span> <span class='ocrx_word' id='word_1_121' title='bbox 984 1164 1117 1216; x_wconf 83' lang='lat' dir='ltr'><strong>festos,</strong></span> <span class='ocrx_word' id='word_1_122' title='bbox 1151 1179 1225 1219; x_wconf 86' lang='lat' dir='ltr'><strong>ego</strong></span> <span class='ocrx_word' id='word_1_123' title='bbox 1261 1164 1394 1217; x_wconf 88' lang='lat' dir='ltr'><strong>potius</strong></span> <span class='ocrx_word' id='word_1_124' title='bbox 1432 1165 1598 1204; x_wconf 88' lang='lat' dir='ltr'><strong>infestos</strong></span> 
     </span>
     <span class='ocr_line' id='line_1_37' title="bbox 417 1221 641 1274; baseline -0.004 -13"><span class='ocrx_word' id='word_1_125' title='bbox 417 1231 516 1274; x_wconf 91' lang='lat' dir='ltr'><strong>puto</strong></span> <span class='ocrx_word' id='word_1_126' title='bbox 548 1221 641 1261; x_wconf 88' lang='lat' dir='ltr'><strong>dies.</strong></span> 
     </span>
     <span class='ocr_line' id='line_1_38' title="bbox 302 1278 1079 1319; baseline 0 -1"><span class='ocrx_word' id='word_1_127' title='bbox 302 1278 422 1319; x_wconf 92' lang='lat' dir='ltr'><strong>Adde</strong></span> <span class='ocrx_word' id='word_1_128' title='bbox 453 1279 535 1318; x_wconf 85' lang='lat' dir='ltr'><strong>dies</strong></span> <span class='ocrx_word' id='word_1_129' title='bbox 565 1293 739 1318; x_wconf 90' lang='lat' dir='ltr'><strong>numero</strong></span> <span class='ocrx_word' id='word_1_130' title='bbox 771 1289 934 1318; x_wconf 87' lang='lat' dir='ltr'><strong>tantum</strong></span> <span class='ocrx_word' id='word_1_131' title='bbox 966 1293 1079 1319; x_wconf 86' lang='lat' dir='ltr'><strong>mas:</strong></span> 
     </span>
     <span class='ocr_line' id='line_1_39' title="bbox 1089 1335 1596 1389; baseline 0.004 -12"><span class='ocrx_word' id='word_1_132' title='bbox 1089 1335 1162 1377; x_wconf 91' lang='lat' dir='ltr'><strong>Oh</strong></span> <span class='ocrx_word' id='word_1_133' title='bbox 1197 1337 1379 1389; x_wconf 89' lang='lat' dir='ltr'><strong>Corneli,</strong></span> <span class='ocrx_word' id='word_1_134' title='bbox 1555 1346 1596 1387; x_wconf 85' lang='lat'><strong>65</strong></span> 
     </span>
     <span class='ocr_line' id='line_1_40' title="bbox 303 1393 753 1441; baseline 0 -8"><span class='ocrx_word' id='word_1_135' title='bbox 303 1393 417 1441; x_wconf 88' lang='lat' dir='ltr'><strong>Quid</strong></span> <span class='ocrx_word' id='word_1_136' title='bbox 451 1394 582 1434; x_wconf 85' lang='lat' dir='ltr'><strong>isthuc</strong></span> <span class='ocrx_word' id='word_1_137' title='bbox 614 1393 753 1434; x_wconf 88' lang='lat' dir='ltr'><strong>verbi?</strong></span> 
     </span>
     <span class='ocr_line' id='line_1_41' title="bbox 774 1452 1101 1492; baseline 0.003 -1"><span class='ocrx_word' id='word_1_138' title='bbox 774 1452 951 1492; x_wconf 84' lang='lat' dir='ltr'><strong>mascula</strong></span> <span class='ocrx_word' id='word_1_139' title='bbox 983 1452 1101 1492; x_wconf 85' lang='lat' dir='ltr'><strong>dicas.</strong></span> 
     </span>
     <span class='ocr_line' id='line_1_42' title="bbox 300 1509 1597 1563; baseline -0.001 -12"><span class='ocrx_word' id='word_1_140' title='bbox 300 1509 387 1561; x_wconf 87' lang='lat' dir='ltr'><strong>Oh,</strong></span> <span class='ocrx_word' id='word_1_141' title='bbox 417 1510 574 1562; x_wconf 85' lang='lat' dir='ltr'><strong>propria</strong></span> <span class='ocrx_word' id='word_1_142' title='bbox 604 1524 697 1562; x_wconf 82' lang='lat' dir='ltr'><strong>quae</strong></span> <span class='ocrx_word' id='word_1_143' title='bbox 731 1510 919 1550; x_wconf 86' lang='lat' dir='ltr'><strong>maribus.</strong></span> <span class='ocrx_word' id='word_1_144' title='bbox 981 1510 1128 1562; x_wconf 89' lang='lat' dir='ltr'><strong>probus</strong></span> <span class='ocrx_word' id='word_1_145' title='bbox 1159 1524 1213 1561; x_wconf 87' lang='lat' dir='ltr'><strong>es,</strong></span> <span class='ocrx_word' id='word_1_146' title='bbox 1245 1510 1426 1562; x_wconf 90' lang='lat' dir='ltr'><strong>Corneli,</strong></span> <span class='ocrx_word' id='word_1_147' title='bbox 1449 1510 1597 1563; x_wconf 88' lang='lat' dir='ltr'><strong>probus</strong></span> 
     </span>
     <span class='ocr_line' id='line_1_43' title="bbox 416 1581 593 1607; baseline -0.006 0"><span class='ocrx_word' id='word_1_148' title='bbox 416 1581 456 1607; x_wconf 85' lang='lat' dir='ltr'><strong>es</strong></span> <span class='ocrx_word' id='word_1_149' title='bbox 487 1581 593 1607; x_wconf 83' lang='lat' dir='ltr'><strong>sane.</strong></span> 
     </span>
     <span class='ocr_line' id='line_1_44' title="bbox 303 1623 1055 1679; baseline 0 -15"><span class='ocrx_word' id='word_1_150' title='bbox 303 1623 411 1676; x_wconf 86' lang='lat' dir='ltr'><strong>Pish,</strong></span> <span class='ocrx_word' id='word_1_151' title='bbox 444 1625 619 1677; x_wconf 85' lang='lat' dir='ltr'><strong>probitas</strong></span> <span class='ocrx_word' id='word_1_152' title='bbox 649 1623 834 1664; x_wconf 85' lang='lat' dir='ltr'><strong>laudatur</strong></span> <span class='ocrx_word' id='word_1_153' title='bbox 865 1636 905 1664; x_wconf 89' lang='lat' dir='ltr'><strong>et</strong></span> <span class='ocrx_word' id='word_1_154' title='bbox 936 1625 1055 1679; x_wconf 82' lang='lat' dir='ltr'><strong>alget.</strong></span> 
     </span>
     <span class='ocr_line' id='line_1_45' title="bbox 302 1681 1595 1736; baseline 0 -13"><span class='ocrx_word' id='word_1_155' title='bbox 302 1682 375 1724; x_wconf 88' lang='lat' dir='ltr'><strong>Sed</strong></span> <span class='ocrx_word' id='word_1_156' title='bbox 399 1683 497 1736; x_wconf 89' lang='lat' dir='ltr'><strong>quid</strong></span> <span class='ocrx_word' id='word_1_157' title='bbox 519 1682 567 1722; x_wconf 91' lang='lat' dir='ltr'><strong>de</strong></span> <span class='ocrx_word' id='word_1_158' title='bbox 591 1682 684 1734; x_wconf 84' lang='lat' dir='ltr'><strong>istis,</strong></span> <span class='ocrx_word' id='word_1_159' title='bbox 702 1697 814 1735; x_wconf 89' lang='lat' dir='ltr'><strong>puer,</strong></span> <span class='ocrx_word' id='word_1_160' title='bbox 833 1682 970 1722; x_wconf 84' lang='lat' dir='ltr'><strong>diebus</strong></span> <span class='ocrx_word' id='word_1_161' title='bbox 991 1697 1092 1736; x_wconf 87' lang='lat' dir='ltr'><strong>quos</strong></span> <span class='ocrx_word' id='word_1_162' title='bbox 1114 1681 1211 1723; x_wconf 84' lang='lat' dir='ltr'><strong>falso</strong></span> <span class='ocrx_word' id='word_1_163' title='bbox 1227 1682 1431 1736; x_wconf 81' lang='lat' dir='ltr'><strong>appellasti</strong></span> <span class='ocrx_word' id='word_1_164' title='bbox 1450 1682 1595 1723; x_wconf 90' lang='lat' dir='ltr'><strong>festos?</strong></span> 
     </span>
     <span class='ocr_line' id='line_1_46' title="bbox 302 1739 1594 1793; baseline 0.001 -13"><span class='ocrx_word' id='word_1_165' title='bbox 302 1740 378 1780; x_wconf 92' lang='lat' dir='ltr'><strong>His</strong></span> <span class='ocrx_word' id='word_1_166' title='bbox 405 1739 556 1780; x_wconf 88' lang='lat' dir='ltr'><strong>scilicet</strong></span> <span class='ocrx_word' id='word_1_167' title='bbox 585 1740 724 1779; x_wconf 86' lang='lat' dir='ltr'><strong>diebus</strong></span> <span class='ocrx_word' id='word_1_168' title='bbox 754 1755 1041 1793; x_wconf 86' lang='lat' dir='ltr'><strong>vsquequaque</strong></span> <span class='ocrx_word' id='word_1_169' title='bbox 1073 1751 1329 1793; x_wconf 87' lang='lat' dir='ltr'><strong>perstrepunt</strong></span> <span class='ocrx_word' id='word_1_170' title='bbox 1360 1740 1594 1781; x_wconf 89' lang='lat' dir='ltr'><strong>vtriculares</strong></span> 
     </span>
     <span class='ocr_line' id='line_1_47' title="bbox 417 1798 1596 1849; baseline 0.003 -12"><span class='ocrx_word' id='word_1_171' title='bbox 417 1798 543 1837; x_wconf 83' lang='lat' dir='ltr'><strong>tibiae.</strong></span> <span class='ocrx_word' id='word_1_172' title='bbox 1556 1818 1596 1849; x_wconf 88' lang='lat'><strong>70</strong></span> 
     </span>
     <span class='ocr_line' id='line_1_48' title="bbox 299 1853 1523 1909; baseline 0 -13"><span class='ocrx_word' id='word_1_173' title='bbox 299 1855 373 1897; x_wconf 89' lang='lat' dir='ltr'><strong>Oh</strong></span> <span class='ocrx_word' id='word_1_174' title='bbox 405 1855 592 1908; x_wconf 85' lang='lat' dir='ltr'><strong>profanos</strong></span> <span class='ocrx_word' id='word_1_175' title='bbox 625 1855 718 1895; x_wconf 86' lang='lat' dir='ltr'><strong>istos</strong></span> <span class='ocrx_word' id='word_1_176' title='bbox 748 1854 998 1895; x_wconf 83' lang='lat' dir='ltr'><strong>vtricularios</strong></span> <span class='ocrx_word' id='word_1_177' title='bbox 1030 1870 1154 1909; x_wconf 80' lang='lat' dir='ltr'><strong>quam</strong></span> <span class='ocrx_word' id='word_1_178' title='bbox 1186 1870 1261 1909; x_wconf 82' lang='lat' dir='ltr'><strong>ego</strong></span> <span class='ocrx_word' id='word_1_179' title='bbox 1292 1855 1356 1896; x_wconf 92' lang='lat' dir='ltr'><strong>odi</strong></span> <span class='ocrx_word' id='word_1_180' title='bbox 1390 1853 1523 1897; x_wconf 85' lang='lat' dir='ltr'><strong>male!</strong></span> 
     </span>
     <span class='ocr_line' id='line_1_49' title="bbox 303 1912 1515 1965; baseline 0.001 -13"><span class='ocrx_word' id='word_1_181' title='bbox 303 1912 398 1953; x_wconf 92' lang='lat' dir='ltr'><strong>Nec</strong></span> <span class='ocrx_word' id='word_1_182' title='bbox 431 1913 577 1952; x_wconf 86' lang='lat' dir='ltr'><strong>iniuria</strong></span> <span class='ocrx_word' id='word_1_183' title='bbox 606 1913 870 1965; x_wconf 86' lang='lat' dir='ltr'><strong>(praeceptor)</strong></span> <span class='ocrx_word' id='word_1_184' title='bbox 900 1924 994 1953; x_wconf 85' lang='lat' dir='ltr'><strong>sunt</strong></span> <span class='ocrx_word' id='word_1_185' title='bbox 1026 1913 1136 1952; x_wconf 90' lang='lat' dir='ltr'><strong>enim</strong></span> <span class='ocrx_word' id='word_1_186' title='bbox 1168 1913 1283 1953; x_wconf 87' lang='lat' dir='ltr'><strong>nihili</strong></span> <span class='ocrx_word' id='word_1_187' title='bbox 1317 1914 1515 1954; x_wconf 89' lang='lat' dir='ltr'><strong>homines.</strong></span> 
     </span>
     <span class='ocr_line' id='line_1_50' title="bbox 299 1969 1564 2024; baseline 0.002 -14"><span class='ocrx_word' id='word_1_188' title='bbox 299 1971 514 2021; x_wconf 87' lang='lat' dir='ltr'><strong>Homines,</strong></span> <span class='ocrx_word' id='word_1_189' title='bbox 547 1971 602 2009; x_wconf 90' lang='lat' dir='ltr'><strong>mi</strong></span> <span class='ocrx_word' id='word_1_190' title='bbox 635 1969 763 2023; x_wconf 83' lang='lat' dir='ltr'><strong>puer?</strong></span> <span class='ocrx_word' id='word_1_191' title='bbox 794 1982 888 2010; x_wconf 90' lang='lat' dir='ltr'><strong>sunt</strong></span> <span class='ocrx_word' id='word_1_192' title='bbox 919 1971 1133 2011; x_wconf 83' lang='lat' dir='ltr'><strong>errabundi</strong></span> <span class='ocrx_word' id='word_1_193' title='bbox 1166 1970 1388 2011; x_wconf 84' lang='lat' dir='ltr'><strong>nebulones</strong></span> <span class='ocrx_word' id='word_1_194' title='bbox 1421 1972 1564 2024; x_wconf 88' lang='lat' dir='ltr'><strong>potius.</strong></span> 
     </span>
     <span class='ocr_line' id='line_1_51' title="bbox 302 2028 1595 2082; baseline 0.001 -14"><span class='ocrx_word' id='word_1_195' title='bbox 302 2028 548 2080; x_wconf 81' lang='lat' dir='ltr'><strong>Errabundi‚</strong></span> <span class='ocrx_word' id='word_1_196' title='bbox 578 2038 814 2081; x_wconf 88' lang='lat' dir='ltr'><strong>praecept0r‚</strong></span> <span class='ocrx_word' id='word_1_197' title='bbox 847 2043 895 2068; x_wconf 89' lang='lat' dir='ltr'><strong>eo</strong></span> <span class='ocrx_word' id='word_1_198' title='bbox 927 2029 1096 2068; x_wconf 89' lang='lat' dir='ltr'><strong>nomine</strong></span> <span class='ocrx_word' id='word_1_199' title='bbox 1127 2040 1222 2069; x_wconf 89' lang='lat' dir='ltr'><strong>sunt</strong></span> <span class='ocrx_word' id='word_1_200' title='bbox 1253 2029 1452 2080; x_wconf 88' lang='lat' dir='ltr'><strong>homines,</strong></span> <span class='ocrx_word' id='word_1_201' title='bbox 1482 2044 1595 2082; x_wconf 88' lang='lat' dir='ltr'><strong>nam,</strong></span> 
     </span>
     <span class='ocr_line' id='line_1_52' title="bbox 416 2086 764 2138; baseline 0 -13"><span class='ocrx_word' id='word_1_202' title='bbox 416 2096 458 2125; x_wconf 93' lang='lat' dir='ltr'><strong>vt</strong></span> <span class='ocrx_word' id='word_1_203' title='bbox 489 2086 594 2125; x_wconf 86' lang='lat' dir='ltr'><strong>nosti</strong></span> <span class='ocrx_word' id='word_1_204' title='bbox 628 2087 764 2138; x_wconf 83' lang='lat' dir='ltr'><strong>probe,</strong></span> 
     </span>
    </p>
   </div>
  </div>
 </body>
</html>
