1731 2360
160 153 227 205 86
765 149 1012 202 FUCUS
1282 155 1409 210 [Ac-r.
1435 165 1473 207 5,
1489 153 1552 195 Sc.
1576 153 1622 195 6·

159 281 245 322 Fuc.
325 280 417 321 Imo
438 294 514 335 ego
535 281 601 320 hic
623 294 769 320 maneo
791 277 1039 329 clanculum,
1063 276 1222 318 excides
1243 277 1298 316 vti
1319 291 1435 330 spero
1457 275 1618 317 Plausu.

158 339 240 392 Ing.
322 337 452 390 Itane,
485 337 621 378 inuide
640 336 653 377 ?
695 337 840 377 faciam
872 334 1100 388 periculum
1131 345 1282 375 tamen.

544 498 926 550 EPILOGUS
984 496 1223 547 PRIOR

155 610 239 663 Ing.
324 609 394 649 Ad
424 623 493 648 vos
524 622 636 648 nunc
666 621 827 648 summa
858 620 992 646 rerum
1024 605 1142 655 redit,
1174 614 1417 657 spectatores
1446 602 1605 656 optimi,

328 665 521 707 Plausum
547 665 683 706 Fucus
708 675 842 704 noster
867 664 1056 716 idemque
1083 661 1385 702 Histriomastix
1410 660 1620 714 captiuum

444 734 557 763 tenet

328 781 383 823 Et
414 796 484 821 vos
513 780 644 821 solum
678 794 798 833 penes
828 790 886 819 est
918 777 1034 818 illum
1066 778 1370 817 manumittere.

328 840 452 893 Agite
495 853 590 891 ergo
630 838 659 878 si
703 836 930 877 fabularum
971 834 1176 876 crescendi
1218 848 1419 875 nouarum
1460 833 1621 886 copiam

443 895 598 946 dabitis,

327 954 567 1006 Eademque
597 967 717 1005 opera
748 952 870 992 Fucis
900 951 1091 991 omnibus
1121 965 1189 990 ora
1219 951 1425 990 obstruere
1601 964 1620 997 5

328 1010 521 1053 Plausum
553 1025 665 1050 nunc
696 1009 847 1049 liberali
879 1008 1056 1049 asseratis
1086 1022 1225 1048 manu.

155 1172 537 1225 EPILOGUS
595 1170 1030 1222 POSTERIOR
1079 1168 1362 1220 CORAM
1412 1167 1619 1218 REGE

153 1280 239 1333 Ing.
328 1277 521 1320 Plausum
547 1276 684 1317 Fucus
709 1286 843 1316 noster
870 1276 1059 1329 idemque
1082 1274 1384 1315 Histriomastix
1409 1273 1620 1326 captiuum

441 1345 566 1376 tenet.

328 1393 469 1441 Quam
500 1392 626 1433 solam
659 1406 780 1445 penes
812 1402 870 1431 est
902 1391 1023 1445 igitur
1055 1390 1236 1443 captiuos
1267 1389 1557 1429 manumittere

327 1451 396 1491 Ad
426 1464 630 1491 summam
664 1449 926 1490 Maiestatem
958 1462 1070 1488 nunc
1102 1448 1204 1487 redit
1235 1461 1370 1488 rerum
1401 1460 1573 1487 summa.

325 1509 363 1550 Si
395 1508 624 1548 fabularum
655 1506 860 1547 crescendi
892 1520 1094 1546 nouarum
1126 1506 1283 1558 copiam
1316 1504 1408 1544 dare

327 1566 566 1619 Eademque
596 1579 716 1618 opera
747 1564 781 1604 F
783 1565 869 1604 ucis
899 1563 1090 1603 omnibus
1119 1578 1188 1603 ora
1218 1563 1423 1603 obstruere
1600 1579 1618 1611 5

327 1623 442 1664 Velit
473 1622 700 1663 celsissimae
735 1622 939 1674 potestatis
973 1621 1234 1672 Reuerentia,

327 1681 407 1722 Vel
439 1681 691 1721 leuissimum
723 1694 834 1720 nune
866 1679 985 1719 faciat
1015 1679 1237 1719 serenitatis
1275 1677 1484 1729 indicium,

326 1739 406 1780 Vel
439 1748 681 1791 spectatores
718 1736 911 1778 Plausum
943 1737 1058 1776 nobis
1088 1735 1241 1776 liberali
1273 1744 1447 1776 asserant
1477 1750 1618 1776 manu.

834 1840 944 1880 Finis
