1731 2360
74 162 181 203 AcT.
203 175 244 215 4,
261 162 324 203 Sc.
350 162 411 216 7³]
493 151 1115 205 HISTRIOMASTIX
1464 161 1531 213 73

73 397 110 437 F
109 413 162 438 uc.

76 455 180 495 Com.

73 570 165 610 Inv.

74 684 163 725 Fue.

77 742 112 782 C
114 742 166 782 al.

76 1029 153 1069 Fuc

79 1061 183 1127 Con'z.

79 1144 168 1185 Cal.

77 1374 168 1414 Inv.

82 1604 186 1644 Com.

81 1661 118 1701 F
117 1677 170 1701 uc.

84 1719 188 1759 Com.

84 1834 175 1874 Cal.

85 1952 189 1992 Com.

85 2009 121 2050 C
123 2009 174 2050 al.

85 2125 190 2166 Com.

246 283 301 324 Et
331 298 427 324 cum
459 282 663 323 Alcmena
691 291 878 333 stuprum
905 279 978 319 sub
1004 276 1306 330 Amphitrionis
1330 275 1536 314 schemate

362 340 558 393 prodere?

243 398 311 438 Ah
344 398 572 438 dulcissima
602 395 833 437 Calumnia.

729 453 894 492 obsecro
923 450 1020 505 quid
1052 465 1127 504 ego
1157 461 1342 502 unquam
1373 446 1445 486 tibi
1498 464 1536 495 35

247 512 456 565 Malefeci,
487 512 584 566 quid
616 511 776 565 peccavi
809 510 979 563 dignum
1012 509 1072 548 his
1102 504 1325 560 convicijs?

246 570 306 609 Vt
338 571 378 609 in
410 571 602 625 anginam
633 582 745 609 nunc
777 582 843 607 me
874 567 973 606 verti
1006 565 1127 605 velim
1159 574 1202 604 vt
1234 563 1289 603 illi
1322 559 1514 601 veneficae

248 628 382 667 fauces
412 627 659 680 prehendam
691 636 812 679 atque
843 625 1002 664 enicem
1034 623 1244 663 scelestam
1276 630 1424 674 postea.

245 685 314 724 Ah
347 685 499 725 mellita
531 684 701 724 Invidia.

651 742 711 780 At
743 751 787 779 tu
819 754 911 793 quae
946 737 1168 794 Ingenium
1201 747 1356 790 patrem
1388 747 1539 786 crepas,

248 798 471 840 Enimvero
502 798 662 855 Ingenij
697 797 778 837 filia
808 798 838 837 si
870 797 934 849 sis,
966 797 1145 836 abortiva
1175 796 1249 835 sies
1499 810 1541 839 40

248 856 426 897 Necesse
458 868 528 906 est,
561 857 660 897 adeo
692 854 792 895 nihil
825 856 962 895 minus
992 869 1115 908 quam
1148 852 1359 906 ingenium
1391 849 1494 902 sapis

249 915 389 968 Atque
420 915 519 955 adeo
550 914 726 954 demiror
756 928 837 966 qua
868 923 913 952 tu
944 926 1039 952 ausa
1071 926 1112 951 es
1142 910 1292 950 fiducia

248 971 297 1012 In
330 972 464 1012 lucem
496 973 666 1025 prodire,

687 1029 754 1069 Ha
785 1027 864 1069 hel
902 1038 945 1067 vt
978 1026 1098 1080 pallet
1128 1026 1325 1078 sudatque
1358 1018 1530 1062 misera!

251 1086 438 1128 Obsecro
470 1098 522 1139 te,
556 1087 637 1126 noli
671 1098 810 1140 pectus
841 1085 1013 1138 amplius
1043 1084 1219 1124 sauciare
1251 1082 1368 1122 dictis
1399 1080 1490 1120 tuis.

259 1145 357 1184 Non
389 1144 591 1198 amplius?
632 1156 672 1184 at
704 1159 779 1198 ego
810 1155 849 1183 te
880 1143 1067 1183 sauciabo
1099 1153 1139 1181 et
1170 1155 1307 1194 vsque.
1504 1155 1543 1186 45

251 1201 365 1249 Quid
397 1204 493 1258 agis,
527 1201 698 1253 Invidia,
732 1202 843 1241 tarda
873 1201 921 1240 ad
952 1199 1196 1252 supplicium
1230 1195 1379 1237 nimis?

249 1260 452 1312 Teipsum
484 1274 662 1300 maceras
692 1259 804 1299 alteri
838 1259 936 1298 dum
968 1257 1123 1296 malurn
1154 1270 1277 1309 paras.

252 1318 482 1373 Accingere
514 1319 569 1356 ira
600 1328 652 1369 te,
685 1317 834 1368 furore,
866 1316 986 1356 rabie.
1050 1329 1195 1366 rumpe
1226 1326 1371 1352 moras.

252 1373 344 1414 Pish
377 1390 586 1428 parcamus
616 1375 760 1426 verbis,
792 1388 884 1428 quae
918 1373 1050 1412 solum
1082 1386 1172 1412 aera
1202 1371 1430 1410 verberant.

253 1431 575 1472 Praescindamus
606 1432 801 1486 linguam,
833 1445 977 1484 corpus
1008 1443 1167 1469 aremus
1198 1428 1335 1482 plagis.
1509 1444 1549 1476 50

254 1488 428 1530 Dulcior
461 1490 690 1531 Comoediae
725 1504 843 1530 cruor
874 1499 974 1528 esset
1006 1488 1106 1527 mihi

254 1546 395 1593 Quam
427 1548 517 1587 fons
549 1547 652 1603 Lyei
685 1558 755 1587 aut
786 1557 926 1586 nectar
955 1546 1104 1586 summi
1137 1544 1263 1598 Jovis.

253 1605 321 1644 Ah
353 1603 567 1659 Megaera!

579 1662 720 1709 Quam
752 1661 869 1702 dulce
899 1672 958 1701 est
989 1661 1066 1700 hoc
1097 1658 1376 1712 spectaculum
1409 1653 1532 1697 mihi!

259 1719 368 1767 Quae
402 1735 512 1760 nunc
545 1721 735 1773 precabor
766 1730 881 1770 astra,
913 1733 1038 1772 quem
1070 1718 1231 1757 flectam
1264 1716 1401 1767 deum,

255 1776 315 1817 Vt
340 1779 445 1818 hanc
471 1778 570 1817 mihi
597 1778 835 1828 adimerent,
862 1776 1006 1816 saltem
1033 1775 1222 1826 lenirent,
1249 1772 1481 1813 miseriam?
1511 1791 1548 1823 55

257 1833 386 1875 Mitte
417 1846 462 1875 tu
493 1850 656 1888 superos
688 1845 728 1874 et
759 1845 944 1874 nostrum
976 1847 1137 1886 precare
1169 1846 1326 1872 numen

257 1892 366 1940 Quae
400 1907 538 1933 manes
569 1893 786 1932 miscernus
817 1892 967 1944 superis
999 1905 1162 1943 superos
1193 1889 1393 1929 manibus.

252 1950 377 1991 Nulla
408 1951 487 1989 mei
520 1961 559 1990 te
591 1964 685 1990 cura
717 1950 860 2003 tangit,
891 1949 991 1988 dura
1021 1947 1194 1988 crudelis
1226 1946 1392 1999 aspera?

257 2007 372 2055 Quid
403 2018 545 2048 coacto
573 2008 744 2048 humore
772 2021 890 2047 vexas
914 2005 1082 2046 oculos?
1127 2015 1222 2045 sunt
1256 2006 1320 2044 hae
1357 2003 1549 2044 crocodili

372 2065 593 2105 lachrimae.

258 2123 433 2179 Pergin',
466 2123 644 2178 Harpya,
677 2122 792 2162 dictis
823 2137 888 2162 me
919 2135 1185 2174 conspurcare
1217 2118 1325 2160 tuis?
1507 2127 1550 2160 60
