1731 2360
173 178 241 212 20

169 522 254 576 Ing.

171 694 209 735 F
207 711 260 736 uc.

171 753 256 805 Ing.

172 810 261 851 Fuc.

172 926 258 978 Ing.

174 1271 211 1310 F
210 1286 263 1311 uc.

173 1387 258 1440 Ing.

177 1848 214 1888 F
214 1863 266 1888 uc.

177 1906 263 1958 Ing.

177 1963 214 2003 F
212 1978 265 2004 uc.

176 2021 262 2073 Ing.

177 2078 214 2118 F
213 2093 267 2118 uc.

175 2136 261 2189 Ing.

780 160 1027 211 FUCUS
1293 165 1422 220 [Ac-r.
1450 178 1486 218 1,
1507 165 1570 207 Sc.
1591 164 1637 206 6·

330 317 554 365 ACTUS
589 317 868 363 PRIMUS.
939 316 1155 363 SCENA
1190 316 1478 362 VLTIMA.

556 422 775 480 Judicium,
838 423 971 463 Fucus.
1036 423 1248 475 Ingenium.

344 521 549 571 Quisnam
583 521 647 561 ille
679 522 803 560 homo
834 530 892 560 est
923 520 992 573 qui
1024 530 1110 560 tarn
1143 520 1288 560 blande
1319 534 1414 560 cum
1447 519 1606 561 Iudicio

344 580 400 621 Et
431 580 561 620 amice
592 576 882 619 consusurrat?
940 577 1090 617 Hercle
1121 592 1202 631 quo
1234 579 1417 631 inspecto
1448 578 1590 632 magis,

345 637 408 678 Eo
440 638 576 677 minus
608 636 738 690 placet
769 635 947 675 hominis
978 635 1112 675 facies.

1120 693 1230 733 Audi
1263 693 1314 733 sis
1343 693 1522 734 obsecro.

346 751 482 792 Potest
514 753 580 792 hic
612 766 693 792 esse
725 749 890 791 Fucus?

815 809 885 847 An
917 818 963 848 tu
993 822 1074 861 qua
1104 822 1144 848 es
1174 808 1323 860 pietate
1354 818 1393 848 et
1425 808 1640 861 prudentia

342 865 473 907 filiurn
495 877 615 907 tuum
637 866 805 906 vnicum
828 866 1045 918 profanum
1067 865 1305 905 histrionem
1327 864 1413 905 fieri
1434 865 1569 906 sines?
1621 886 1638 916 5

346 924 385 965 Is
413 936 470 964 est
500 925 696 977 profecto,
718 938 815 963 nam
845 923 885 962 in
914 934 1044 962 artem
1072 933 1115 962 vt
1145 922 1245 963 solet
1267 923 1473 963 invehitur
1505 923 1640 963 histri-

461 982 636 1022 onicam.

346 1038 419 1094 Dij
445 1053 579 1079 meam
603 1037 865 1079 Comoediam
890 1038 1103 1078 servassint
1132 1038 1246 1090 mihi,
1270 1038 1325 1078 ita
1347 1038 1412 1078 hic
1438 1039 1640 1079 obstinate

459 1111 623 1149 operam

347 1153 477 1195 Dabit
491 1154 599 1194 illam
616 1153 869 1207 pessundare,
886 1153 951 1192 vbi
971 1153 1044 1193 hac
1062 1163 1184 1193 nocte
1200 1153 1449 1206 prodituram
1466 1154 1639 1195 sciverit.

346 1212 498 1253 Metuo
518 1222 562 1251 vt
584 1213 738 1251 substet
757 1210 982 1264 Judicium,
1005 1211 1060 1250 ita
1083 1211 1148 1250 hic
1169 1220 1323 1251 astutus
1344 1221 1404 1251 est
1425 1212 1618 1252 carnifex.

344 1281 387 1310 vt
427 1270 617 1310 omittam
659 1280 821 1320 caetera,
858 1280 917 1307 est
959 1268 1178 1309 Comoedia
1212 1268 1385 1309 lasciviae
1423 1284 1566 1322 parens
1600 1279 1641 1310 et

463 1327 742 1380 impudicitiae.
1603 1347 1642 1369 10

349 1384 463 1432 Quid
495 1383 643 1425 audio?
675 1383 894 1424 Comoedia
924 1382 1097 1423 lasciviae
1131 1383 1303 1436 parens?
1333 1394 1472 1424 actum
1503 1394 1561 1424 est
1591 1384 1641 1425 de

463 1442 682 1483 Comoedia

348 1501 437 1541 Nisi
486 1501 603 1540 huius
650 1514 724 1553 ego
770 1499 983 1539 retundam
1031 1499 1311 1552 pervicaciam.
1372 1510 1494 1553 atque
1540 1501 1642 1541 adeo

462 1558 559 1611 quid
591 1572 674 1597 non

348 1616 517 1656 Accedo
548 1616 723 1667 obviarn,
755 1624 795 1654 et
827 1615 1038 1654 hominem
1076 1625 1196 1667 prout
1232 1615 1377 1668 dignus
1412 1625 1470 1655 est
1507 1616 1639 1669 primo

461 1673 626 1713 ludifico
645 1671 657 1712 ?

349 1730 531 1772 Plurima
569 1731 697 1771 salute
739 1730 901 1770 Fucum
942 1744 1152 1770 summum
1188 1744 1307 1770 suum
1345 1731 1525 1784 impertit
1571 1730 1641 1771 In—

464 1789 646 1843 genium.

348 1847 419 1887 An
451 1847 529 1886 hoc
560 1861 609 1886 ex
640 1847 778 1886 animo
810 1856 850 1886 et
881 1846 1034 1885 sincere
1065 1846 1176 1898 dicis,
1207 1845 1459 1899 Ingenium?
1603 1866 1638 1897 15

351 1904 527 1955 Sincere,
560 1903 687 1956 Fuce,
720 1904 809 1943 dico
839 1904 1005 1943 sincere.

1017 1975 1110 2001 sane
1128 1960 1141 2001 ?

352 2020 513 2059 insanus
545 2033 673 2059 essem
705 2019 780 2058 nisi
813 2018 988 2059 dicerem
1019 2019 1173 2059 sincere
1205 2033 1311 2059 sane.

349 2092 488 2118 nonne
518 2091 585 2116 me
615 2076 718 2116 ludis
751 2076 830 2116 iam
849 2075 879 2115 ἓ-

859 2148 942 2174 non
973 2148 1063 2174 sum
1095 2133 1369 2188 ludimagister
1398 2149 1505 2175 sane.
