1731 2360
60 143 168 185 Am.
193 157 232 198 5,
250 144 312 185 Sc.
338 145 397 199 2a]
481 138 1107 189 HISTRIOMASTIX
1463 156 1533 209 77

62 265 151 306 Fue.
233 265 305 307 Oh
334 265 521 306 Villanus
546 266 612 305 hic
639 277 698 306 est
723 267 791 319 qui
819 267 1029 319 profanam
1057 266 1265 308 Balladam
1296 270 1337 308 in
1364 283 1532 309 vxorem

351 323 527 363 duxisset
558 323 676 362 hodie
1516 347 1533 378 5

236 379 275 420 Si
309 380 538 421 Comoediae
573 395 621 420 ex
653 382 854 420 sententia
885 382 1165 422 successissent
1197 384 1366 436 nuptiae.

237 438 313 477 His
354 452 447 477 vero
489 438 708 478 deturbatis
749 437 815 478 ille
857 439 979 479 etiam
1016 450 1059 479 vt
1094 440 1254 481 videtur
1297 456 1421 482 vxore
1462 456 1533 482 sua

351 495 513 535 excidit.

238 552 350 592 Hinc
388 552 466 591 illae
505 552 738 592 lachrimae:
781 553 848 593 sed
881 554 1153 595 concedamus
1184 556 1277 609 huc,
1311 571 1400 597 mea
1432 555 1534 598 Pru-

350 609 498 661 dentia,
529 609 765 649 clanculum

235 667 376 721 Vsque
407 667 536 707 donec
567 668 812 708 abscesserit.

429 789 650 835 ACTUS
690 803 732 851 5.
803 790 1039 837 SCAENA
1078 799 1139 837 2³.

94 878 283 920 Villanus.
350 878 495 918 Chorus
525 894 569 918 sc.
602 877 895 918 Morisdancers
925 888 960 918 et
990 889 1129 920 caetera
1163 881 1276 920 turba
1306 882 1489 923 comitum.

513 935 729 976 Choraules.
796 935 833 977 V
833 936 1068 978 tricularius.

65 993 105 1036 V
103 993 324 1034 tricularius
359 993 458 1047 tibijs
494 993 532 1032 in
569 1003 657 1032 vtre
689 1009 712 1032 α
751 1003 850 1046 tergo
884 995 1076 1047 suspensis,
1113 997 1167 1035 ad
1200 997 1351 1036 eundem
1388 999 1532 1038 modum

179 1051 385 1091 Choraules
422 1059 592 1105 tympano
634 1061 668 1090 et
699 1052 836 1105 fistula
879 1067 903 1091 α
945 1061 1045 1105 tergo
1080 1054 1256 1105 suspensis
1295 1064 1331 1093 et
1371 1055 1532 1109 brachijs

178 1109 416 1162 complicatis,
449 1108 567 1161 capite
597 1108 745 1148 demisso
776 1109 985 1150 ambulant.

67 1167 181 1207 ‘Totus
200 1167 326 1207 chorus
348 1166 554 1206 lamentari
583 1166 750 1206 videtur.
815 1166 853 1207 V
852 1166 990 1206 illanus
1018 1177 1168 1208 moestus
1196 1170 1393 1209 admodum
1416 1171 1532 1223 plan-

172 1224 233 1277 git
247 1232 383 1277 pectus,
405 1224 535 1276 saepius
558 1225 611 1263 ad
628 1224 722 1263 aedes
744 1224 896 1277 Ingenij
916 1233 1135 1278 respectans,
1159 1236 1194 1265 et
1215 1228 1380 1279 tandem,
1402 1229 1532 1269 varios

179 1282 309 1322 vultus
330 1281 463 1321 doloris
483 1281 621 1321 indices
642 1281 864 1334 exprimens,
885 1282 976 1323 exit.

64 1361 153 1401 Fuc.
235 1360 282 1401 Io
315 1360 485 1415 Hymen
520 1360 779 1415 Hymenaee!
822 1361 921 1414 quid
952 1362 1020 1413 ais,
1053 1376 1143 1402 mea
1175 1361 1426 1405 Prudentia?

235 1433 340 1458 anne
372 1428 500 1457 totam
532 1419 637 1458 hanc
670 1419 792 1471 probe
823 1420 1060 1472 pessundedi
1094 1420 1322 1462 familiam?

63 1475 162 1517 Pru.
240 1475 369 1516 Probe
410 1490 518 1515 sane.
580 1476 647 1516 sed
689 1477 877 1529 quisnam
902 1477 968 1517 hic
1010 1489 1067 1517 est
1108 1479 1176 1531 qui
1221 1480 1336 1520 nobis
1376 1481 1532 1521 accedit

351 1533 515 1572 obuiam
533 1532 545 1572 ?

237 1589 453 1631 Cornelius
484 1602 555 1631 est.
618 1591 727 1643 hem,
761 1591 942 1643 Corneli,
975 1593 1079 1632 vnde
1111 1592 1187 1633 tu?

65 1649 155 1690 Cor,
922 1649 1169 1703 Praeceptor,
1201 1651 1290 1691 tun’
1323 1653 1388 1692 hic
1420 1653 1534 1694 eras?

239 1705 398 1747 Omnia
440 1705 571 1758 palam
608 1716 703 1746 sunt
737 1721 829 1760 quae
866 1708 906 1746 in
941 1707 1202 1748 Comoediam
1239 1711 1534 1753 contechnatus

350 1777 390 1803 es
422 1763 554 1803 hodie.
1516 1788 1533 1820 5

64 1822 154 1862 Fue.
236 1820 350 1868 Quid
383 1835 457 1874 ego
489 1836 538 1860 ex
571 1832 610 1861 te
640 1821 774 1873 audi0‚
808 1821 1005 1863 Corneli?

66 1879 157 1920 Cor.
656 1879 703 1919 Id
734 1879 843 1932 quod
875 1895 1017 1920 verum
1050 1892 1121 1933 est,
1154 1893 1393 1936 praeceptor,
1425 1898 1532 1926 sane.

239 1936 422 1976 redeunti
455 1936 565 1975 enim
598 1951 620 1975 a
650 1937 738 1976 foro
768 1952 850 1990 quo
882 1948 927 1977 tu
959 1953 1024 1977 me
1057 1940 1179 1979 modo
1211 1940 1373 1981 miseras

237 1994 340 2033 forte
373 1994 535 2033 fortuna
568 1993 844 2034 Philomathes
874 1993 921 2034 fit
953 1997 1053 2035 mihi
1086 1998 1263 2037 obuiam.

237 2052 303 2091 vix
340 2052 448 2104 prius
483 2066 548 2090 me
585 2063 848 2104 conspexerat
884 2067 1008 2106 quam
1045 2054 1156 2094 mille
1194 2055 1235 2094 in
1267 2066 1307 2096 te
1338 2055 1534 2098 effuderat

353 2108 632 2149 contumelias.
