1731 2360
178 440 278 482 Pru.

177 556 215 596 F
213 571 266 596 uc.

179 614 270 654 Cor.

178 728 278 769 Pru.

178 843 216 883 F
215 859 267 884 uc.

178 1188 276 1230 Pru.

180 1304 217 1344 F
216 1320 269 1345 uc.

789 141 830 191 F
837 141 887 191 U
898 142 1037 192 CUS
1306 149 1435 203 [Aer.
1460 161 1499 203 5,
1517 149 1579 191 Sc.
1604 153 1648 190 2²²

350 269 478 310 Simul
510 270 588 310 hoc
616 270 800 323 addebat,
830 271 950 310 “iam
976 270 1108 324 palam
1134 280 1192 311 est
1217 271 1318 312 Fuci
1343 271 1531 313 simulata
1555 287 1647 326 pro-

465 328 565 367 bitas
1611 350 1648 371 [ο

349 396 388 424 et
420 385 462 424 in
494 399 567 425 nos
597 385 731 425 fucata
762 385 983 426 amicitia.”

1013 443 1137 495 Hem,
1170 445 1358 499 magister
1390 444 1515 496 Fuce,

352 498 458 546 Quis
490 500 567 540 hoc
599 499 806 540 effutivit?

809 558 959 598 Nescio
990 568 1114 608 certe,
1147 558 1220 598 nisi
1253 559 1357 598 forte
1388 558 1569 613 Ignauia.

351 614 493 667 Atque
527 614 687 668 aedipol,
721 625 959 668 praeceptor,
992 616 1056 655 vbi
1090 616 1170 655 iam
1201 631 1367 656 mecum
1399 617 1548 670 cogito,

354 672 403 711 ab
435 671 604 725 Ignauia
635 674 833 713 veniebat.

571 731 728 782 amabo,
760 731 949 784 magister
981 730 1108 782 Fuce,
1142 731 1327 785 nunquid
1361 730 1427 771 illa
1458 731 1646 772 omnium

350 797 517 827 tuorum
549 789 710 828 conscia
742 799 799 828 est
832 788 1095 828 facinorum?

986 846 1187 898 omnium,
1219 846 1407 885 omnium
1437 861 1545 899 sane,
1608 864 1645 896 15

347 912 387 941 et
419 901 611 942 Plausum
643 903 829 955 eripuisse
861 902 980 942 simul
1012 918 1058 942 ac
1088 903 1351 943 Calumniam
1378 914 1418 943 et
1444 903 1645 944 Invidiam

467 960 705 1000 conduxisse
738 970 872 1013 postea

350 1016 576 1057 maledictis
642 1018 751 1057 illam
818 1033 910 1072 quae
979 1018 1283 1071 proscinderent
1345 1019 1647 1073 earundemque

466 1075 632 1114 demum
664 1090 783 1128 opera

348 1147 368 1172 e
401 1133 558 1172 theatro
590 1133 812 1186 explosisse.

757 1191 851 1231 Heu
883 1191 1005 1244 impia
1037 1189 1236 1231 foemina!
1280 1191 1348 1231 sed
1379 1192 1644 1245 quamobrem

350 1248 441 1287 haec
473 1248 659 1300 proderet
690 1250 871 1301 pessima,
904 1250 1038 1288 mirari
1072 1264 1154 1288 non
1187 1263 1349 1302 possum
1379 1249 1483 1289 satis.

938 1306 1080 1346 multae
1113 1321 1259 1357 causae,
1291 1321 1381 1346 mea
1413 1305 1646 1360 Prudentia,

349 1362 490 1403 multae
511 1375 675 1416 possunt
692 1363 825 1417 colligi
844 1379 974 1404 causae
990 1365 1256 1417 quamobrem
1275 1365 1364 1404 haec
1382 1364 1580 1417 proderet.
1605 1384 1646 1406 20

350 1420 487 1473 Sperat
520 1422 691 1461 fortassis
722 1422 815 1461 inde
846 1436 1027 1461 amorem
1059 1422 1253 1461 demereri
1287 1421 1554 1462 Philomathis

351 1478 492 1525 Quem
515 1480 555 1518 in
580 1479 839 1519 Comoediam
863 1479 1019 1518 dudum
1041 1478 1313 1530 transtulerat,
1331 1479 1503 1520 fortassis
1519 1480 1643 1520 etiam

347 1536 462 1576 Idem
495 1538 600 1589 ipsus
632 1536 833 1589 pollicitus
865 1547 922 1576 est
954 1536 1230 1576 Philomathes

347 1605 390 1633 vt
429 1593 579 1648 aliquid
621 1609 670 1633 ex
713 1594 778 1633 illa
819 1594 1020 1635 electaret.
1084 1594 1224 1641 Quare
1260 1595 1425 1635 obsecro
1461 1604 1515 1646 te,
1552 1609 1638 1635 mea

466 1651 698 1704 Prudentia,

347 1708 462 1750 Intro
494 1720 533 1749 te
565 1710 660 1749 hinc
693 1724 865 1749 numero
896 1710 1049 1762 corripe
1081 1724 1132 1749 ne
1164 1710 1267 1749 forte
1299 1710 1364 1750 hic
1390 1724 1464 1750 nos
1490 1710 1644 1763 impru-

464 1767 605 1807 dentes
635 1768 878 1820 opprimant.
1603 1785 1643 1818 25

349 1824 572 1865 Subuereor
604 1826 714 1864 enim
747 1840 798 1864 ne
823 1825 1177 1865 commessationes
1202 1835 1355 1865 nostras
1380 1824 1642 1865 clancularias

349 1882 405 1923 Et
446 1897 570 1936 quem
614 1882 924 1922 fraterculorum
967 1893 1007 1922 et
1048 1896 1231 1922 sororum
1275 1883 1499 1922 conuocaui
1545 1897 1644 1922 con-

465 1939 723 1980 uenticulum

349 2012 445 2038 cum
460 1999 699 2050 princkcum
714 1998 915 2050 prankum
929 1998 1196 2049 cantauimus,
1213 1998 1310 2037 fassa
1327 2012 1487 2051 quoque
1506 1997 1639 2038 fuerit.

349 2066 469 2109 atque
511 2070 655 2095 eccum
698 2054 932 2109 Ingenium.
994 2056 1158 2095 obsecro
1200 2065 1238 2095 te
1279 2055 1642 2109 quamprimum-

1117 2113 1288 2167 [aufugit
1318 2112 1376 2152 hic
1411 2112 1641 2153 Prudentia.
