1731 2360
180 264 257 306 Vil.

178 321 270 362 Bal.

178 609 258 673 Vig.

177 666 279 707 Hzr.

176 780 269 821 Bal.

177 896 279 937 Hir.

177 953 268 994 Bal.

178 1068 280 1109 Hir.

179 1242 270 1283 Bal.

181 1300 259 1341 Vil.

178 1645 270 1686 Bal.

178 1703 281 1744 Hir.

179 1761 220 1802 V
218 1761 258 1802 il.

176 1933 279 1975 Hir.

787 138 1033 188 FUCUS
1296 144 1424 198 [ACT.
1449 157 1488 199 3,
1511 143 1573 186 Sc.
1597 143 1642 196 4²

351 264 484 319 Egon'
517 275 557 305 te
588 275 632 305 vt
662 264 876 321 fugerem?

881 321 1048 375 Nempe
1080 323 1157 362 hoc
1187 336 1228 362 se
1259 320 1501 362 effecturum

349 379 531 433 Suscepit
563 380 767 420 Hirsutus.
829 394 912 419 non
944 394 1056 432 posse
1088 379 1386 420 contendebam
1417 394 1505 435 ego.
1600 399 1639 430 45

351 436 465 484 Quid
498 436 639 489 multa,
669 452 744 492 ego
774 436 989 488 annulum,
1019 437 1083 477 ille
1115 437 1193 477 hoc
1225 437 1391 491 deponit
1421 437 1640 489 sudarium,

465 495 691 547 depositum
724 495 862 547 poscit.

350 550 437 592 Cur
469 567 553 592 non
585 552 688 592 rides
718 553 797 592 iam
831 553 1007 592 hominis
1040 552 1264 605 ineptiam?

354 609 433 661 Ha,
458 610 538 662 Ha,
562 610 643 662 He,
668 610 746 662 Ha,
770 611 832 662 ha,
855 610 917 650 he.

708 667 827 718 Ride,
849 668 972 718 asine,
995 682 1118 721 vsque
1141 667 1239 707 dum
1262 677 1301 707 te
1323 665 1482 707 differas
1503 667 1639 707 etiam.

350 723 441 780 Ego
471 739 568 764 mox
600 735 639 764 te
671 725 837 765 flentem
868 725 1018 777 videro,
1050 735 1090 765 et
1121 734 1356 765 cantantem
1388 724 1611 765 lachrimae.

350 782 445 836 Jam
468 797 543 837 ego
565 797 630 822 me
654 782 820 822 Villano
843 782 1040 836 paulisper
1061 783 1271 823 ostendam
1295 782 1513 834 difficilem,
1602 802 1643 832 50

351 838 406 879 Et
437 840 493 879 sic
524 840 664 879 ambos
694 839 809 880 ludos
840 841 998 892 faciam,
1031 851 1073 880 vt
1104 840 1260 880 rideant
1291 841 1479 880 vicissim.

351 897 494 950 Vsque
526 898 654 950 pergis
685 911 750 937 me
782 897 938 938 ridere?
982 899 1057 937 erit
1087 898 1152 937 vbi
1185 912 1254 950 par
1286 898 1368 950 pari
1399 897 1584 938 referam.

352 953 443 995 Erit
474 954 724 1007 illico,—sed
756 956 835 994 iam
868 969 964 995 cum
995 955 1131 1008 cogito
1161 955 1395 996 abeundum
1424 965 1484 995 est
1516 955 1628 996 mihi.

352 1011 469 1064 Vale,
501 1013 721 1064 sudarium,
754 1012 852 1053 vale.

862 1069 1006 1121 valeat,
1038 1080 1240 1124 quantum
1272 1069 1402 1110 valere
1433 1079 1576 1124 potest.

353 1127 434 1178 Ha,
467 1128 532 1180 he,
563 1143 687 1181 quam
720 1142 827 1181 aegre
858 1129 958 1168 feret
989 1127 1178 1169 Villanus
1208 1128 1292 1168 eius
1323 1126 1508 1168 abiturn!
1604 1147 1642 1178 55

352 1184 415 1224 Illi
448 1185 623 1225 vicissim
657 1186 861 1225 deridendi
894 1201 991 1226 mox
1023 1186 1182 1226 dabitur
1212 1186 1380 1226 occasio.

353 1241 446 1282 Pish
478 1244 570 1283 satis
600 1243 864 1296 amplexuum
897 1254 968 1295 est,
1000 1254 1121 1297 atque
1153 1243 1382 1284 osculorum
1414 1244 1519 1284 satis.

468 1300 656 1341 Villanus
687 1312 726 1340 te
758 1302 873 1353 perit,
904 1316 929 1340 o
961 1316 1052 1341 mea
1082 1302 1176 1352 vita,
1320 1303 1414 1346 [‘T0
1429 1301 1644 1346 Rumford.']

468 1359 560 1398 Nec
590 1373 769 1412 vnquam
803 1359 959 1399 deserit.
1021 1359 1119 1412 quid
1151 1359 1255 1412 fugis
1286 1359 1368 1399 ita?

467 1414 589 1456 Dabo
620 1417 811 1469 quicquid
845 1417 901 1456 vis
932 1416 1076 1456 habere
1603 1426 1645 1459 60

469 1473 603 1514 Modo
634 1474 776 1514 lubens
807 1484 846 1513 te
878 1473 1042 1529 dignere

469 1530 595 1578 Quod
626 1532 746 1584 cupio
777 1531 960 1584 supplere

643 1588 691 1630 In
723 1603 860 1629 amore
893 1604 997 1629 meo.

354 1645 447 1687 Pish
479 1647 651 1687 eandem
683 1647 792 1687 canis
822 1646 1228 1687 cantilenam—vale.

352 1705 451 1744 heus
467 1714 529 1755 tu,
551 1705 629 1757 Ha,
649 1704 717 1744 Ha
738 1705 801 1745 he.
853 1704 950 1758 quid
969 1705 1048 1744 iam
1070 1719 1153 1744 non
1176 1703 1302 1745 rides?
1327 1705 1393 1755 ha,
1412 1706 1475 1758 ha,
1491 1706 1554 1746 he.
1601 1716 1640 1757 65

348 1761 454 1802 Irata
482 1762 581 1817 abijt
602 1763 736 1803 ahime
759 1762 893 1802 ahime
916 1762 1103 1816 indignos
1126 1762 1321 1815 deputans
1342 1777 1454 1804 rneos
1474 1778 1642 1805 amores.

352 1818 467 1866 Quid
494 1829 549 1872 te,
572 1819 748 1872 Villane,
777 1817 862 1870 fiet,
888 1818 953 1859 illa
974 1835 1070 1860 cum
1093 1820 1191 1860 irata
1213 1821 1288 1860 siet
1309 1829 1349 1860 et
1371 1821 1442 1861 tibi
1466 1822 1644 1862 concitet

464 1878 584 1917 hosce
607 1877 785 1918 dolores?
862 1878 978 1922 [⁴The
992 1877 1080 1912 earle
1092 1877 1133 1912 of
1147 1879 1250 1912 Essex
1263 1878 1315 1912 his
1333 1877 1396 1912 last
1414 1880 1508 1922 good
1526 1880 1643 1925 nigt.']

352 1934 466 1982 Quid
482 1945 534 1987 te,
545 1934 723 1987 Villane,
741 1933 824 1987 fiet,
840 1935 906 1975 illa
921 1950 1016 1975 curn
1036 1936 1134 1976 irata
1149 1937 1236 1988 siet,
1254 1936 1328 1976 nisi
1348 1937 1452 1977 inter
1468 1946 1644 1991 strepere

464 2007 579 2033 anser
609 1992 767 2033 olores?

351 2050 431 2103 Ha,
462 2051 542 2102 Ha,
571 2052 635 2103 he,
658 2051 792 2091 iamne
821 2051 902 2103 fles,
931 2050 1106 2091 cucule?
1143 2051 1206 2103 ha,
1243 2052 1306 2105 ha,
1336 2053 1400 2104 he,
1429 2050 1642 2093 lachrimat

461 2108 606 2161 opinor
635 2109 793 2164 gaudio.
