1731 2360
102 163 211 204 Aer.
234 175 275 215 4,
293 163 355 204 sc.
380 161 443 217 6⁸]
524 151 1149 205 HISTRIOMASTIX
1499 150 1566 217 69

99 284 125 323 I
124 285 186 325 ud.

100 341 138 381 F
136 357 189 383 uc.

101 572 189 612 Iud.

101 800 193 841 Fuc.

102 974 190 1014 Iud.

109 1377 146 1417 F
146 1393 199 1418 uc.

110 1837 196 1889 Ing.

118 1952 155 1992 F
154 1968 208 1992 uc.

118 2069 202 2120 Ing.

780 280 968 335 nunquid
999 279 1205 320 crederem
1237 277 1342 319 tibi?

270 340 375 382 Istos
404 356 479 395 ego
509 355 666 393 semper
697 339 761 380 odi
795 340 981 379 homines
1011 339 1081 391 qui
1111 336 1220 378 aliud
1257 336 1484 390 loquuntur
1520 350 1566 375 ac

389 399 583 439 sentiunt.
1528 412 1567 443 25

274 455 374 496 Istas
405 471 479 509 ego
511 456 672 508 nuptias
703 453 786 494 filio
818 464 890 493 tuo
922 453 1006 493 fore
1039 452 1135 492 duxi
1168 450 1462 502 incommodas,

272 513 328 554 Et
358 524 568 566 propterea
598 511 858 552 conscientiae
892 525 987 564 ergo
1018 520 1220 550 aversatus
1252 510 1309 548 fui
1342 523 1449 548 sane.

277 570 327 611 In
365 572 442 610 hoc
483 571 598 610 fucus
633 581 676 609 vt
711 568 794 609 sit?
846 569 887 608 in
929 569 1007 608 hoc
1049 566 1192 607 dolus?
1245 566 1344 620 quid
1385 567 1414 606 si
1458 566 1568 605 hunc

392 629 629 680 participem

275 684 421 725 Nostri
481 684 636 739 consilij
700 682 906 724 facerem?
975 681 1174 722 auxilium
1235 681 1369 721 hercle
1426 681 1571 733 opinor

392 753 599 795 praestaret
631 742 785 782 lubens.

278 800 463 840 Hamum
495 810 618 839 vorat.
680 809 720 839 at
751 808 963 852 postquam
996 798 1064 837 has
1094 797 1255 850 nuptias
1285 795 1369 836 filio
1401 807 1472 836 tuo
1529 815 1571 846 30

274 857 389 898 Tam
420 859 626 910 auspicato
663 858 821 897 cessisse
855 855 1145 907 inaudiveram,
1164 869 1258 894 sane
1293 868 1388 894 vero
1424 853 1574 909 gaude-

396 916 488 955 bam
519 915 633 955 serio.

282 972 433 1013 Dicam
478 973 585 1023 huic,
628 987 781 1022 annon,
825 970 1018 1011 Plausum
1064 970 1238 1010 amisisse
1281 969 1385 1010 nos?
1436 967 1571 1009 hercle

392 1031 568 1070 hominis
599 1030 829 1069 humanitas

278 1088 338 1128 Vt
367 1087 498 1127 dicam
527 1087 679 1139 suadet,
703 1087 769 1127 sed
796 1102 848 1127 ne
874 1086 1095 1126 indicarem
1118 1084 1173 1124 illi
1196 1085 1421 1138 quidquam
1443 1083 1572 1123 vetuit

396 1145 627 1200 Ingenium.

281 1204 379 1244 Non
411 1203 544 1242 dicam
576 1203 712 1256 igitur.
775 1201 899 1253 Fuce,
931 1201 1125 1254 quaedam
1157 1215 1223 1239 me
1255 1200 1352 1239 hinc
1384 1208 1557 1239 avocant

281 1260 668 1313 Occupatiunculae.
721 1260 768 1299 de
801 1270 871 1298 tua
901 1258 1090 1298 advorsus
1121 1272 1194 1297 nos
1226 1256 1509 1297 benevolentia
1536 1276 1574 1307 35

282 1319 492 1358 Habemus
522 1318 693 1371 gratiam
725 1331 849 1370 quam
880 1316 1112 1356 adnitemur
1144 1314 1397 1355 demererier.
1448 1313 1546 1354 vale.

281 1375 393 1416 Bene
414 1375 514 1416 vale.
568 1377 618 1415 ha
649 1376 699 1414 ha
729 1376 793 1426 he,
818 1375 943 1414 risum
964 1373 1027 1413 vel
1052 1373 1234 1428 ingratijs
1258 1373 1434 1412 excussit
1462 1372 1577 1411 mihi.

281 1433 390 1474 “De
423 1433 705 1473 benevolentia
735 1432 922 1471 adversus
953 1446 1026 1470 nos
1059 1442 1129 1471 tua
1161 1431 1358 1470 habemus
1389 1430 1536 1483 gratias

283 1491 424 1539 Quam
461 1492 583 1531 etiam
620 1490 814 1530 demereri
851 1488 1125 1529 adnitemur.’'
1196 1503 1322 1542 quarn
1360 1498 1500 1527 tutum
1536 1497 1577 1527 et

399 1548 513 1588 facile
544 1559 602 1587 est

283 1606 364 1647 Sub
400 1606 518 1645 amici
557 1606 724 1645 nomine
762 1604 910 1644 fallere.
971 1604 1038 1644 sed
1075 1604 1141 1643 hic
1173 1603 1262 1657 quis
1293 1601 1382 1643 est?
1423 1602 1476 1642 oh
1509 1601 1578 1642 In-

400 1678 579 1719 genium.
1538 1680 1580 1710 40

286 1722 412 1761 Hunc
457 1721 580 1760 etiam
626 1718 936 1759 ludificabimus.
1010 1719 1162 1759 mirum
1209 1733 1260 1758 ne
1308 1718 1373 1758 hic
1418 1732 1580 1772 quoque

403 1778 594 1818 Plausum
625 1788 792 1831 quaerat.

285 1837 439 1877 Nonne
466 1837 543 1875 hoc
572 1835 741 1875 monstri
771 1834 901 1875 simile
927 1844 985 1875 est
1010 1844 1053 1874 vt
1081 1835 1122 1874 in
1144 1844 1239 1874 actu
1261 1843 1445 1874 extremo
1467 1834 1580 1888 quasi

286 1893 434 1934 Plausu
466 1892 732 1933 excidamus?

754 1950 945 1991 Hariolus
975 1964 1079 2002 sum,
1110 1949 1359 2003 congrediar.

289 2009 349 2049 Vt
380 2008 485 2049 valet
516 2006 767 2063 Ingenium?

779 2065 963 2120 AEdipol,
996 2065 1121 2117 Fuce,
1154 2064 1260 2105 haud
1291 2063 1410 2105 male.

291 2123 407 2172 Quid
437 2124 503 2163 hic
534 2123 622 2164 vult
652 2123 883 2164 veterator?
