1731 2360
147 377 237 417 Fue.

151 491 228 533 Vil.

148 894 238 934 Fuc.

150 951 227 993 Vil.

152 1066 245 1107 Bal.

151 1123 188 1165 V
188 1124 228 1164 il.

149 1181 186 1221 F
185 1197 237 1222 uc.

152 1296 230 1338 Vil.

149 1353 238 1395 Fuc.

151 1469 189 1511 V
188 1470 229 1510 il.

148 1642 184 1682 F
184 1658 238 1683 uc.

152 1757 246 1798 Bal.

149 1871 237 1913 Fuc.

147 1988 239 2028 Pla.

151 2046 255 2086 Com.

147 2103 240 2143 Bal.

753 134 999 183 FUCUS
1271 138 1396 192 [Aer.
1420 148 1459 190 2,
1481 136 1543 178 ες.
1567 135 1612 177 6³

320 262 474 302 Videro
505 277 640 303 annon
675 262 871 302 mentitus
903 276 943 301 es
974 261 1073 302 mihi
1105 276 1234 314 nuper

320 320 548 374 Nunquam
579 320 670 359 haec
702 329 741 359 te
772 319 980 359 damnasse
1012 318 1175 359 ludicra.
1572 336 1610 368 75

320 376 526 417 Damnavi
560 378 701 417 fateor.
765 391 906 416 verum
939 377 1020 416 iam
1052 391 1118 416 me
1148 377 1178 415 si
1210 375 1410 416 dimiseris
1609 394 1612 395 ⁷

321 433 570 488 Perpetuum
602 434 750 474 horum
783 434 983 474 fautorem
1014 443 1055 474 et
1088 444 1304 486 patronum
1337 433 1490 474 feceris.

318 492 410 532 Imo
441 503 487 532 tu
518 492 587 545 qui
620 492 783 531 mentiri
816 501 940 544 potes,
974 502 1085 544 potes
1115 491 1238 531 etiarn
1270 489 1393 530 fidem
1426 489 1572 530 fallere.

320 549 410 601 Sed,
441 550 537 603 quia
567 560 613 589 tu
644 548 785 589 saltare
817 549 957 600 nescis,
990 563 1062 588 nos
1094 559 1134 588 te
1165 549 1325 589 circiter
1355 547 1601 599 saltabimus,

321 606 398 647 Tu
437 608 524 646 vice
566 606 672 662 Maij
716 607 875 659 perticis
916 607 1100 660 fungere,
1136 620 1260 659 quern
1302 616 1418 645 tanto
1457 619 1615 658 semper

440 679 560 717 opere
1571 673 1615 704 80

321 721 538 763 Eradicare
573 732 742 762 conatus
774 736 826 761 es.
894 722 1033 775 Agite,
1063 722 1143 762 mei
1175 720 1326 762 sodales
1355 720 1612 761 festivissimi.

319 779 407 831 Tu,
440 794 531 819 mea
562 778 741 831 Ballada‚
773 780 864 819 siste
897 789 937 819 te
968 779 1217 819 altrinsecus.

321 836 409 889 Tu,
441 838 546 877 bone
576 838 649 889 vir,
682 837 747 876 hic
778 837 965 888 consiste,
999 836 1063 876 hic
1095 837 1276 890 inquam.

1029 893 1183 941 Quaeso
1204 904 1318 934 tuam
1339 893 1615 934 clementiam.

320 951 444 993 Cave.
506 966 714 1005 quoquam
746 966 795 991 ex
828 951 955 991 isthoc
983 952 1151 991 excessis
1182 951 1285 1002 loco,
1317 950 1463 1004 peribis
1494 949 1613 990 illico.

320 1009 415 1063 Jam
437 1009 557 1063 agite,
575 1020 734 1062 paratus
749 1023 839 1049 sum
857 1009 1059 1063 graphice.
1116 1009 1249 1064 heigh.
1302 1007 1479 1062 [Saltant
1498 1022 1616 1048 omnes

328 1067 395 1106 Ha
426 1067 477 1106 ha
508 1066 559 1106 he
589 1081 714 1120 quam
746 1066 891 1106 misere
923 1067 1181 1119 perturbatur
1211 1063 1360 1107 miser!
1574 1073 1616 1107 86

322 1124 458 1178 Heigh
492 1125 628 1178 heigh.

673 1182 790 1222 Itane
821 1181 999 1235 lepidum
1032 1182 1163 1222 visum
1195 1192 1253 1222 est
1285 1182 1356 1221 tibi

323 1239 411 1279 Nos
442 1239 618 1290 irridere,
649 1238 808 1279 scelus?

814 1296 882 1336 Ha
913 1297 964 1337 ha
996 1295 1072 1337 he!

1092 1353 1271 1409 Pergin',
1303 1353 1561 1408 nequissime,

322 1410 599 1452 Deludificare
632 1411 728 1451 me?

546 1469 661 1516 Quid
692 1468 776 1509 ais?
818 1481 975 1509 nostros
1008 1470 1087 1510 iam
1119 1469 1233 1510 ludos
1263 1470 1410 1524 ecquid
1443 1468 1614 1523 probas?

323 1526 423 1567 Vin’
466 1527 745 1567 Vtricularium
788 1528 867 1567 huc
903 1527 1076 1568 accersi?
1117 1529 1147 1567 is
1184 1528 1285 1568 forte
1322 1539 1362 1568 te
1397 1527 1616 1569 oblectabit

437 1599 504 1624 ma
535 1599 576 1624 is.
1575 1605 1619 1636 90

319 1641 367 1682 In
415 1599 565 1682 mahigm
612 1656 695 1682 rem
743 1656 886 1682 omnes
931 1642 1194 1694 Vtricularios,
1242 1644 1283 1682 in
1332 1642 1482 1683 malam
1528 1657 1614 1683 rem

438 1700 528 1740 dico
561 1714 668 1740 sane.

326 1757 409 1796 Vbi
442 1758 652 1808 audiveris,
685 1757 793 1797 haud
826 1758 957 1797 isthuc
989 1768 1048 1798 sat
1079 1758 1161 1798 scio
1193 1758 1348 1799 dixeris.

326 1814 506 1855 Evocate
538 1814 680 1868 aliquis
710 1815 990 1855 vtricularium
1024 1815 1138 1856 foras.

1166 1873 1323 1920 Quaeso
1354 1888 1405 1913 ne
1437 1873 1590 1915 feceris.

320 1929 448 1969 Aliud
470 1945 536 1969 me
559 1941 699 1970 manet
720 1931 946 1985 negotium.
1003 1946 1053 1970 ex
1074 1931 1213 1971 animo
1235 1932 1314 1971 iam
1341 1930 1484 1985 loquor
1508 1946 1615 1973 sane.

321 1987 422 2027 Ain'
455 1998 500 2028 tu
531 2002 614 2041 prae
649 1988 800 2028 foribus
831 1988 897 2027 hic
928 1987 1100 2028 saltare?

1116 2046 1301 2086 Eccistos
1331 2047 1417 2086 tibi.
1574 2066 1615 2100 95

322 2101 483 2143 Eccum
514 2112 653 2143 autem
686 2101 891 2144 Plausum.
955 2102 1122 2144 Plausus
1152 2104 1251 2157 quid
1281 2103 1410 2144 adfers
1441 2103 1568 2145 novi?
