1731 2360
112 119 179 170 62

110 248 147 288 F
147 264 199 288 uc.

110 305 202 346 Pro.

110 363 198 404 Fuc.

112 420 265 462 Omnes.

111 478 203 519 Pla.

112 650 245 691 Ambo.

115 766 205 807 Fuc.

114 824 206 865 Pro.

117 880 224 922 Tem.

115 939 215 980 Pru.

115 997 206 1037 Pro.

118 1054 266 1096 Omnes.

116 1112 206 1152 Pla.

115 1170 201 1223 Ign.

116 1738 208 1780 Pla.

119 2085 156 2126 F
155 2100 208 2125 uc.

719 115 966 166 FUCUS
1233 121 1360 176 [ACT.
1383 134 1423 172 4,
1445 120 1507 162 Se.
1533 124 1576 174 3.

280 247 535 300 Tripudium
567 247 658 286 haec
690 255 872 285 moratur
902 259 996 298 quae
1029 243 1172 285 saltare
1203 257 1286 284 non
1320 242 1523 298 dignatur.

286 304 549 359 Dignabitur.

568 359 831 416 Dignabitur.

847 416 983 457 Invita
1014 415 1074 456 vel
1106 415 1351 471 dignabitur.

288 477 418 531 Euge,
442 491 554 532 euge.
608 475 771 530 [Probus
787 483 869 528 post
889 475 1021 514 datum
1043 484 1078 513 et
1099 481 1278 526 receptum
1296 488 1319 512 a
1340 470 1575 526 Temperan-

736 533 793 572 tia
815 532 967 572 osculum
991 531 1097 571 illam
1120 531 1317 571 saltuatim
1338 529 1577 571 circumducit

736 600 928 630 cantantes
950 590 1054 628 ambo
1075 599 1119 629 vt
1141 597 1255 642 supra

291 649 489 690 Prinkum
537 649 738 701 prankum
788 662 912 701 quern
959 647 1033 687 nisi
1080 660 1275 687 mancum
1322 660 1406 685 non
1451 644 1577 686 allicit

400 707 618 760 tripudiare
649 706 743 759 (bis).
1540 722 1573 744 11

287 764 418 806 Cadet
448 765 539 804 haec
570 763 740 804 saltatio.

770 820 889 861 Eheu
920 834 1114 874 quaenam
1147 819 1277 860 ratio?

287 880 539 933 Tripudium
571 879 661 918 haec
693 888 874 918 moratur
905 892 994 931 quae
1025 877 1166 917 saltare
1197 891 1282 917 non
1312 876 1513 933 dignatur.

290 937 553 993 Dignabitur.

577 992 840 1048 Dignabitur.

867 1050 994 1091 invita
1023 1050 1086 1091 vel
1118 1050 1362 1104 dignabitur.

293 1111 360 1150 Ha
391 1110 443 1150 ha
473 1110 551 1150 he:
595 1108 787 1149 Plausum
818 1108 1001 1160 teneatis,
1032 1109 1166 1148 amici.
1542 1127 1578 1158 15

290 1167 362 1224 Dij
397 1183 476 1220 me,
509 1166 675 1207 Plausus
705 1167 814 1207 adest
845 1181 921 1206 nec
952 1180 1252 1219 praesenseram.

522 1224 709 1279 [Ignavia
740 1225 881 1276 signum
911 1224 980 1263 dat
1008 1224 1104 1264 Fuco
1135 1223 1319 1264 Plausum
1351 1225 1485 1275 adesse,
1514 1239 1580 1278 quo

636 1283 724 1321 dato
764 1297 881 1321 omnes
923 1289 1070 1334 praeter
1111 1281 1250 1321 Fucum
1291 1291 1327 1321 et
1373 1282 1580 1334 Ignaviam

634 1340 750 1379 subito
778 1355 811 1379 se
840 1339 1045 1380 subducunt

676 1515 914 1561 SCAENA
949 1517 1024 1573 4...

540 1631 577 1671 F
577 1646 675 1672 ucus.
737 1632 922 1684 Ignavia.
983 1631 1158 1673 Plausus.

289 1736 364 1778 Sed
395 1735 491 1790 quid
523 1736 600 1776 hoc
631 1736 741 1789 quod
773 1747 919 1788 praeter
951 1735 1112 1776 Fucum

289 1794 501 1847 Aufugere
531 1808 673 1833 omnes
703 1792 950 1846 derepente?
992 1793 1096 1834 forte
1126 1804 1367 1847 conspectus
1398 1794 1445 1850 ijs
1475 1795 1546 1836 fui.

290 1853 380 1893 Aut
409 1862 557 1892 suntne
589 1850 743 1891 insidiae
774 1866 796 1891 a
828 1851 861 1891 F
864 1866 942 1891 uco
973 1852 1076 1892 forte
1107 1851 1249 1892 locatae
1282 1852 1414 1893 mihi?

293 1909 415 1950 Potin
445 1908 610 1962 quidem
643 1909 853 1949 hominem
885 1923 997 1949 nunc
1028 1908 1286 1950 deludificare
1316 1910 1448 1963 lepide

292 1967 382 2008 Nisi
414 1967 463 2007 ab
496 1966 649 2021 insidijs
680 1966 937 2007 metuerem?
999 1967 1066 2008 sed
1094 1968 1270 2008 nimium
1297 1967 1471 2009 fortassis
1491 1983 1582 2010 sum

407 2038 602 2077 susplcaX.
1563 2045 1580 2078 5

289 2082 351 2124 Sic
383 2082 472 2134 erit,
505 2081 648 2122 blande
681 2080 796 2122 illum
828 2081 1079 2135 compellabo
1111 2083 1347 2136 primulum.
