1731 2360
169 163 234 231 36
775 164 1020 214 FUCUS
1291 172 1415 225 [Aer.
1440 184 1479 224 2,
1501 171 1564 213 ες.
1588 171 1633 213 6²²

163 291 256 332 Bal.
338 291 455 338 Quin
488 306 582 347 ergo
613 292 824 332 hominem
856 303 976 345 prout
1008 292 1153 346 dignus
1183 303 1241 333 est
1271 292 1481 335 ludificas?

166 349 244 391 Vil.
335 348 429 390 Eho
459 360 518 402 tu,
549 350 729 390 verbero.

164 407 252 448 Fuc.
749 407 860 447 Hoh.

165 465 318 506 Com.1.
890 465 967 505 eho
999 475 1057 517 tu,
1090 465 1229 520 flagro.

162 522 250 563 Fuc.
1236 525 1330 565 hoh.
1588 542 1627 574 25

164 579 242 622 Vil.
335 580 430 634 Jam
463 594 532 620 vos
563 579 703 620 ordine
733 580 906 633 quisque
936 594 1021 620 suo.

163 638 316 679 Com.2.
335 637 428 678 Eho
459 648 519 690 tu,
551 637 814 678 silicernium.

161 695 248 735 Fuc.
869 696 964 736 hoh.

163 753 315 808 Com.3.
973 754 1050 794 eho
1083 764 1142 805 tu,
1173 753 1486 808 sterquilinium.

160 811 248 851 Fue.
331 812 426 851 hoh.

161 868 253 909 Bal.
470 868 619 921 Ehem,
652 883 743 908 mea
774 868 1002 909 amoenitas.

159 925 248 967 Fuc.
1021 925 1093 968 Oh
1124 941 1262 981 apage.

159 983 274 1024 Mul.
1281 999 1373 1025 mea
1402 985 1605 1026 serenitas.

161 1041 249 1081 Fue.
333 1042 505 1082 Vtinam
537 1055 606 1081 vos
637 1042 775 1082 ambas
806 1042 996 1082 haberem
1028 1040 1275 1083 clanculum.

162 1099 239 1140 Vil.
329 1099 424 1154 Jam
456 1099 574 1139 sinite
606 1113 671 1139 me
702 1099 833 1139 solum
866 1098 981 1139 illum
1012 1099 1214 1140 adoririer.
1585 1121 1628 1152 30

159 1157 248 1198 Fuc.
330 1157 503 1197 Vtinam
537 1157 632 1196 hinc
663 1157 798 1211 aliqua
829 1172 895 1197 me
926 1157 1147 1197 subducere
1179 1172 1334 1210 possem
1366 1157 1613 1198 clanculum.

163 1214 240 1256 Vil.
332 1214 415 1255 Dic
447 1215 561 1266 mihi,
593 1225 639 1254 tu
671 1214 958 1268 nugivendule,
990 1229 1070 1268 qua
1100 1229 1217 1254 ausus
1248 1230 1287 1255 es
1317 1214 1465 1256 fiducia

333 1272 395 1313 Ea
425 1272 617 1312 damnare
648 1272 803 1313 ludicra
835 1271 1093 1312 innocentia?

161 1330 249 1370 Fue.
331 1330 537 1371 Simulabo
569 1331 659 1370 haec
692 1331 733 1370 in
765 1330 927 1383 publico
958 1330 1124 1383 probare
1155 1331 1347 1370 maxime.

162 1388 241 1430 Vil.
333 1387 474 1435 Quid?
514 1388 606 1428 satis
638 1388 880 1428 meditatum
912 1398 971 1427 est
1003 1387 1075 1427 tibi
1106 1387 1205 1441 quid
1237 1387 1505 1441 respondeas?
1584 1409 1623 1440 35

160 1445 249 1486 Fue.
331 1446 558 1499 Nunquam
592 1446 691 1485 mihi
724 1445 841 1486 crede
871 1460 963 1499 quae
995 1445 1094 1485 dixti
1128 1445 1315 1485 damnavi
1347 1445 1512 1498 ludicra,

331 1503 558 1557 Nunquam
592 1518 806 1557 nunquam
836 1518 944 1543 sane.

158 1560 250 1602 Bal,
966 1560 1074 1600 Vide
1104 1561 1166 1612 sis,
1198 1561 1334 1601 anime
1365 1562 1436 1613 mi,

334 1617 405 1658 Ne
437 1618 485 1658 de
516 1618 684 1659 homine
715 1619 817 1659 forte
849 1632 965 1659 erres·

162 1676 240 1718 Vil.
988 1690 1064 1730 ego
1094 1691 1167 1728 pro
1198 1685 1310 1716 certo
1339 1677 1435 1729 scio,
1468 1677 1568 1730 pish,

334 1734 459 1774 Hunc
492 1733 605 1774 illum
638 1748 720 1774 esse
750 1734 834 1787 qui,
865 1732 1013 1786 oppida
1042 1734 1181 1773 omnia
1211 1733 1370 1774 circiter

335 1791 507 1834 Otiosus
539 1790 764 1843 ambulans,
796 1790 950 1832 ludicra
981 1791 1068 1831 haec
1101 1791 1265 1831 inventa
1296 1790 1463 1832 Diaboli
1583 1812 1626 1842 40

333 1848 496 1891 Clamat
526 1863 621 1890 esse.

161 1908 249 1948 Fue.
648 1906 806 1946 Verum
838 1906 934 1946 dicit
965 1906 1104 1947 fateor.

333 1964 408 2006 Sed
439 1964 579 2005 odium
611 1963 946 2004 dissimulandum
977 1978 1089 2004 nunc
1120 1974 1178 2004 est
1209 1964 1322 2004 mihi.

162 2023 240 2065 Vil.
333 2022 448 2070 Quid
480 2032 567 2062 tute
598 2020 761 2062 tecum?
803 2021 997 2074 responde
1029 2021 1224 2074 responde
1255 2022 1369 2062 mihi.

333 2080 487 2120 Nonne
518 2093 634 2120 suasu
666 2089 706 2119 et
739 2079 913 2132 impulsu
945 2089 1016 2119 tuo
1047 2079 1171 2132 cippis
1202 2079 1456 2120 Vtricularius

331 2137 603 2178 Adiudicatus
627 2137 703 2177 fuit
725 2147 861 2177 noster
882 2147 1005 2190 atque
1025 2137 1148 2177 etiam
1171 2137 1346 2191 indignis
1368 2138 1513 2191 modis,
1581 2159 1623 2190 45
