1721 2360
436 650 846 701 PROLOGUS
904 648 1141 699 PRIOR

59 791 201 845 Populi
235 792 387 844 primus
418 799 565 842 motor,
598 790 847 830 concionum
880 789 1076 842 princeps,

58 861 184 914 Vulgi
219 861 436 913 imperator
466 859 669 899 maximus
700 870 740 899 et
772 858 946 912 publicae

58 929 199 970 Famae
232 930 375 970 vnicus
406 929 650 980 moderator,
682 928 930 981 pupillorum
964 928 1160 968 iuvenum

58 1000 417 1052 Circumscriptor‚
448 1010 487 1039 et
520 999 705 1038 centurio
736 998 1000 1048 avidissimus,

58 1068 181 1108 Ruris
212 1067 427 1107 circulator
458 1067 799 1122 diligentissimus,

56 1135 425 1176 Testamentorum
456 1137 603 1176 arbiter
636 1135 950 1188 potentissimus,

57 1205 114 1246 Et
144 1216 228 1245 tam
260 1205 444 1245 doctrina
474 1219 597 1258 quam
631 1204 811 1244 moribus
841 1204 1128 1255 sanctissimus,

56 1273 258 1326 Impostor
289 1273 330 1312 in
361 1286 524 1312 scenam
558 1272 689 1325 prodit
721 1287 742 1311 e
774 1272 943 1312 latibulo
975 1270 1208 1312 clanculum

57 1341 375 1392 Histriomastix,
407 1355 531 1394 quem
564 1355 636 1380 nos
666 1339 913 1381 offendimus
944 1351 1190 1393 occupatum
1222 1339 1341 1380 anxie

56 1410 116 1451 Vt
146 1410 366 1451 comoedias
395 1409 614 1463 quotannis
644 1409 939 1462 parturientem
972 1409 1243 1450 Academiam

54 1480 263 1520 Abortum
295 1480 423 1520 facere
455 1479 667 1534 praestigijs
699 1489 862 1533 cogeret
893 1480 984 1520 suis.

56 1548 277 1603 Quotquot
309 1550 445 1602 itaque
476 1548 595 1588 almae
630 1549 768 1589 matris
800 1549 931 1602 partui

55 1616 321 1671 Prospectum
352 1617 473 1657 vultis
506 1617 629 1670 probe
661 1627 792 1670 patres
823 1618 997 1673 propitii,

55 1686 276 1740 Quotquot
306 1695 523 1739 parentum
553 1686 711 1726 animos
740 1701 763 1726 a
793 1686 1046 1742 clancularijs

52 1754 244 1809 Epistolis
272 1753 508 1795 obfirmatos
538 1755 683 1808 cupitis
715 1756 878 1795 iuvenes
909 1755 1166 1807 festivissimi‚

54 1822 165 1865 Date
194 1823 356 1864 veniam
386 1833 506 1877 atque
538 1823 735 1877 ignoscite
766 1834 903 1864 nostro
936 1823 1080 1864 Fuco:

53 1892 197 1940 Quem
226 1893 338 1933 vobis
369 1907 463 1933 ecce
493 1892 597 1933 vltro
628 1893 855 1947 detegimus
887 1893 984 1947 ipsi:

53 1960 130 2003 Per
159 1962 270 2002 hunc
301 1961 413 2001 enim
445 1961 612 2003 vnicum
644 1962 674 2002 si
706 1976 790 2002 non
822 1961 993 2002 stetisset
1025 1961 1201 2014 Fucum,

54 2030 248 2072 Difficilis
282 2031 587 2072 Histriomastix
619 2046 832 2086 nunquam
865 2032 1041 2085 prodiret
1072 2032 1203 2073 hodie.

1487 1429 1524 1451 10
