1731 2360
168 121 229 172 16
777 123 1023 174 Fucos
1288 131 1416 185 [ACT.
1445 146 1480 183 1,
1503 133 1566 174 sc.
1591 137 1635 188 3a

156 251 247 292 Iud.
335 252 395 292 At
416 253 586 306 quinam
609 252 773 293 caeteri?

156 309 245 362 Ing.
506 309 714 350 Ruricolae
738 310 881 363 opinor
903 325 1003 364 quos
1025 311 1089 352 ille
1111 311 1280 351 comites
1301 321 1444 352 nactus
1463 320 1524 352 est
1543 311 1630 353 sibi.

156 367 242 407 Iud.
333 367 646 408 Abscondamus
666 379 828 408 nosmet
855 368 921 408 hic
943 383 1080 422 prope,
1102 379 1160 421 vt,
1182 369 1247 408 vbi
1274 369 1491 409 commoda
1514 369 1632 410 detur

449 439 618 477 occasio,
1589 442 1630 473 50

333 481 581 536 Opportune
613 497 685 523 nos
717 483 937 523 inseramus
969 495 1117 536 postea.

159 540 246 593 Ing.
953 541 1186 583 Consilium
1217 541 1362 595 placet,
1394 542 1445 582 ha
1475 542 1528 582 ha
1559 542 1624 582 he.

523 649 747 698 ACTUS
791 660 863 699 111⁵.
937 653 1155 699 SCENA
1191 657 1266 712 412.

155 747 192 790 V
192 748 347 801 illanus,
370 747 577 800 Hirsutus,
600 758 674 787 tres
707 748 884 800 Comites,
907 749 1177 800 vtricularius,
1189 749 1356 804 fidicen:
1387 764 1453 803 quo
1474 757 1626 788 sonante

362 805 508 846 saltant
538 820 683 846 omnes:
713 806 757 845 de
786 806 902 846 subito
934 822 1022 846 vero
1052 807 1197 847 desistit
1229 807 1267 848 V
1267 807 1418 848 illanus.

627 861 888 977 {Ingenium}
912 893 951 932 in
983 892 1140 946 insidijs.

659 920 844 960 Iudicium

153 1003 260 1043 Com.
326 1000 441 1049 Quid
469 1000 682 1053 (malum),
709 1000 888 1053 Villane,
917 1011 957 1041 te
988 1002 1104 1042 nobis
1131 1000 1387 1042 subduxisti?
1418 1002 1469 1041 ha
1497 1002 1620 1042 etiam

440 1057 577 1099 taces?

152 1117 230 1159 Vil.
554 1115 631 1156 Me
663 1115 840 1156 Balladae
872 1116 980 1157 nitor
1010 1117 1088 1157 vrit
1322 1130 1415 1174 [tune
1475 1134 1532 1165 ‘as
1602 1132 1618 1165 Ι

553 1172 880 1227 Proteruitasque
910 1184 1034 1228 grata,
1323 1188 1415 1214 went
1430 1188 1465 1214 to
1478 1179 1619 1215 Walsh-

555 1230 745 1272 Villanus
776 1232 836 1271 his
868 1246 892 1271 o
924 1232 984 1272 his
1016 1232 1126 1284 furit,
1324 1230 1511 1273 ingham.’]

785 1290 973 1342 Aspirate
1003 1290 1097 1330 fata.
1599 1309 1616 1340 5

148 1349 232 1402 Ing.
321 1347 495 1398 Audin',
528 1346 764 1388 Iudicium?

147 1407 233 1447 Iud.
758 1404 927 1458 AEdipol
960 1406 1084 1444 risum
1116 1405 1308 1458 expressit
1340 1405 1440 1446 mihi

322 1463 514 1504 Hominis
545 1462 747 1502 festivitas.

146 1523 230 1575 Ing.
768 1530 857 1560 tace
887 1530 1009 1573 atque
1039 1519 1222 1561 ausculta
1253 1520 1477 1573 paululum.

148 1577 409 1621 Com.2.Pish
441 1593 514 1618 nos
544 1589 586 1618 vt
618 1592 780 1630 operam
813 1588 1064 1631 praestemus,
1099 1578 1174 1618 nisi
1206 1578 1327 1619 fueris
1357 1578 1514 1620 hilaris?

148 1638 252 1678 Com,
265 1649 303 1692 3.
318 1636 412 1677 Vah
435 1635 639 1687 saltemus,
655 1635 860 1676 saltemus.
903 1635 982 1688 hei,
999 1635 1097 1689 quid
1114 1634 1127 1675 ?
1149 1635 1237 1675 tun’
1256 1636 1417 1689 dormis,
1436 1635 1610 1679 fidicen?

144 1695 247 1736 Hir.
317 1693 447 1746 Quid,
469 1694 499 1733 si
523 1693 666 1746 placet,
690 1694 907 1733 fenestram
930 1692 1040 1734 illam
1061 1704 1145 1734 tam
1167 1693 1296 1733 sobrie
1316 1694 1510 1747 suspicis?
1573 1716 1612 1738 10

145 1753 223 1795 Vil.
488 1750 669 1802 Ballada,
702 1766 784 1791 non
817 1750 998 1791 dormis?
1349 1776 1453 1819 [‘Yee
1507 1775 1612 1812 Μῦες

491 1808 696 1849 Nondum
728 1808 1039 1864 expergefacta?
1346 1824 1388 1860 0f
1428 1832 1466 1871 γε
1511 1836 1612 1861 court

488 1866 676 1907 Villanus
706 1867 812 1906 haud
845 1867 1034 1907 deformis
1345 1887 1424 1909 com
1436 1876 1606 1911 downe&

489 1924 733 1965 Memineris
763 1924 849 1964 vult
881 1934 1011 1977 pacta.
1343 1924 1421 1959 take
1442 1929 1479 1971 yr
1496 1924 1609 1973 places

661 1982 839 2034 Ballada,
871 1982 1048 2022 dormis?
1342 1975 1438 2018 &c.’]

138 2042 224 2094 Ing.
315 2041 526 2082 Adeamus
556 2040 651 2091 iam,
684 2039 919 2080 Iudicium?

137 2099 225 2140 Iud.
917 2096 1067 2138 Manta
1095 2112 1190 2138 vero
1222 2097 1446 2151 paululum.
1567 2108 1605 2140 16
