1731 2360
73 153 182 194 Am.
210 166 246 206 1,
268 152 332 194 Sc.
350 153 416 207 42]
500 145 1122 197 HrsTRroMASTIX
1475 163 1536 216 17

75 274 228 315 Com.1.
246 275 339 330 Age
368 289 441 330 age
472 274 585 327 pulta
615 274 719 314 fores
750 274 843 314 iam.
904 288 1114 327 quovsque
1145 274 1211 314 hic
1244 273 1496 315 morabitur?

75 331 228 373 Com.2.
247 331 363 379 Quid
394 334 471 372 hoc
502 331 612 385 quod
643 346 766 371 nemo
797 331 957 384 prodit?
991 346 1043 371 an
1075 332 1178 372 forte
1209 331 1444 372 dormiant?

75 446 115 488 V
112 446 153 488 il.

74 677 159 730 Ing.

77 907 117 950 V
114 907 155 949 il.

73 1428 158 1480 Ing.

76 1485 116 1527 V
113 1486 154 1526 il.

71 1544 157 1596 Ing.

75 1600 113 1642 V
113 1601 154 1642 il.

71 1717 157 1770 Ing.

74 1831 115 1874 V
111 1831 153 1873 il.

71 1947 157 2000 Ing.

246 389 388 430 Noctu
419 390 484 429 hic
516 389 690 429 fortassis
719 388 888 442 vigilant
918 400 958 429 et
989 388 1079 429 luce
1112 389 1333 429 dormiunt.
1502 410 1538 443 ¹9

244 446 321 487 Me
353 447 559 499 miserum,
590 447 688 500 quid
719 458 887 499 prosunt
918 445 1037 486 multi
1070 446 1219 487 boves?
1279 462 1540 512 [‘F0rtunemy

248 505 343 544 Heu
374 519 439 544 me
470 505 745 558 nequicquam
777 503 1103 556 multiplicantur
1132 502 1248 546 oves!
1279 517 1429 561 foewhy
1441 520 1541 554 doest

247 561 290 603 O
323 577 414 602 mea
443 577 554 602 nunc
586 562 749 602 fortuna
778 561 984 615 squallida,
1280 568 1369 602 thou
1404 568 1540 603 frowne

246 620 362 660 Num
394 619 452 660 nil
484 620 696 672 respondet
728 619 830 660 bella
860 619 1054 660 Ballada?
1281 629 1327 651 0¹1
1347 615 1460 658 me?’]

246 676 436 731 Tempus
463 677 637 717 adeundi
667 678 878 717 hominem
906 687 978 729 est,
1008 692 1059 718 ne
1089 677 1265 718 misellus
1292 679 1538 733 despondeat

360 750 560 775 anlmum.

247 792 425 845 Villane,
446 793 565 844 salve,
587 791 743 832 salvum
765 804 804 832 te
824 793 1030 833 advenisse
1050 792 1196 846 volupe
1218 805 1290 846 est,
1500 815 1539 846 25

247 849 414 904 Vosque
443 851 528 891 eius
559 851 740 903 comites,
774 865 968 904 perquam
999 850 1131 891 adeste
1163 852 1278 905 grati.

246 907 329 960 Ah,
362 907 598 962 Ingenium,
630 919 672 948 vt
701 908 807 948 valet
839 907 942 948 bella
972 919 1012 948 et
1043 908 1192 949 tenella
1222 909 1387 950 Ballada
1419 910 1541 951 mea?

334 966 478 1019 Nuper
505 966 587 1006 sole
615 966 687 1006 sub
716 966 870 1006 ardenti
894 966 993 1007 dum
1016 966 1226 1007 Balladam
1277 981 1363 1023 [‘As
1377 988 1412 1013 at
1427 992 1541 1014 noone

450 1038 616 1064 somnus
643 1034 772 1077 vrget‚
1275 1028 1429 1063 Dulcina

335 1080 525 1122 Villanus
547 1082 649 1121 forte
671 1082 923 1135 conspicatus
944 1082 1134 1122 audacter
1154 1082 1223 1134 sic,
1274 1080 1424 1123 rested.’]

449 1154 473 1178 o
498 1140 567 1191 sic,
591 1139 772 1192 insurgit.

336 1197 418 1237 Hic
438 1211 556 1250 super
577 1197 691 1236 flores
712 1211 784 1237 nos
805 1211 960 1237 amores
982 1211 1095 1237 nunc
1121 1196 1228 1238 cola-

450 1269 554 1306 mus,
577 1269 666 1294 mea
683 1255 777 1305 vita,
1501 1277 1542 1308 30

333 1311 481 1351 Tuum
510 1326 673 1351 exorem
704 1326 814 1352 nunc
845 1312 1039 1365 favorem,
1069 1313 1109 1353 in
1145 1328 1227 1368 quo

447 1369 551 1410 salus
581 1380 717 1410 nostra
747 1380 806 1410 est
837 1369 922 1410 sita.

247 1427 290 1469 O
324 1427 502 1480 lepidum
535 1425 683 1480 caput!
717 1427 882 1468 Ballada
911 1442 1065 1468 vero—

995 1485 1109 1532 Quid
1141 1486 1238 1527 illa?

244 1542 493 1583 Iamdudum
524 1543 746 1583 adventum
778 1553 898 1583 tuum
929 1545 1157 1596 expectavit
1188 1545 1345 1587 misera.

246 1600 396 1641 Hercle
418 1615 512 1640 vero
534 1615 617 1640 non
640 1601 751 1653 potui
774 1601 854 1641 huc
877 1601 1010 1652 citius,
1034 1612 1095 1642 tot
1121 1603 1221 1642 mihi
1250 1603 1544 1646 incumbebant

360 1668 535 1712 negotia.

246 1715 361 1763 Quid
382 1715 543 1755 autem?
575 1715 774 1756 attulistin
797 1727 936 1756 tecum
958 1716 1159 1758 caballum
1187 1717 1301 1759 illum
1325 1720 1542 1761 ridiculum

245 1785 286 1814 et
316 1785 465 1814 caetera
495 1773 649 1814 ludicra
681 1773 803 1814 ruris?

811 1830 966 1872 Praesto
997 1846 1107 1885 mox,
1139 1833 1374 1889 Ingenium,
1407 1848 1540 1878 erunt.

246 1888 406 1929 Eccum
438 1888 715 1929 vtricularium
747 1889 859 1929 hunc
890 1890 977 1942 tibi,
1009 1890 1075 1930 hic
1106 1902 1197 1945 aget
1229 1892 1456 1947 prologum.
1500 1915 1540 1946 37

244 1945 358 1987 Bene
390 1946 539 1986 Hercle
566 1947 734 1987 factum.
796 1962 865 1987 vos
896 1962 990 1988 vero
1022 1963 1088 1989 me
1119 1951 1349 2003 sequimini.
1402 1962 1448 1992 tu
1473 1968 1541 1993 me

360 2005 425 2045 hic
455 2005 650 2057 opperire,
682 2004 900 2046 Iudicium.
