1731 2360
164 141 235 194 74

164 254 247 294 Cal

163 311 199 352 C
200 286 267 353 oni.

163 369 253 409 Cal.

161 426 185 466 I
186 442 251 467 nv.

163 484 267 525 Com.

161 541 199 581 F
198 557 251 582 uc.

162 657 197 696 C
199 657 251 697 al.

160 714 249 755 Fue.

157 1531 247 1572 Phi.

156 1822 240 1874 Ing.

155 1879 246 1919 Phi.

154 1937 239 1990 Ing.

772 128 1018 178 FUCUS
1290 137 1417 191 [ACT.
1441 151 1481 190 4,
1498 138 1561 180 sc.
1586 143 1629 193 7.

334 255 426 296 Imo
456 271 620 311 pergam
652 258 788 309 etiam,
820 272 982 311 pergam
1015 272 1089 298 nec
1122 258 1331 298 defetiscar
1361 274 1554 313 vnquam.

335 313 415 353 Hei
447 315 547 354 mihi
579 315 675 368 quid
707 314 856 370 agam?
897 326 939 354 vt
970 329 1039 355 cor
1070 314 1207 356 dolore
1237 314 1437 358 finditur!

334 368 503 424 Deficit,
535 372 704 424 Invidia,
737 371 886 412 deficit.

903 428 1088 482 Simulat,
1120 430 1285 471 simulat
1316 431 1494 471 subdola.

334 485 473 526 Etiam
506 487 631 540 frigus
660 487 806 527 lethale
836 488 978 528 sentio.
1030 488 1178 540 ahime,
1206 487 1305 541 vale,
1332 487 1621 530 Philomathes.

332 542 449 598 Euge
470 546 657 585 successit
679 560 876 597 prospere.
930 546 970 584 in
998 556 1145 585 terram
1168 545 1348 599 prolapsa
1369 556 1428 587 est
1450 556 1624 588 mortua.

333 601 404 640 An
436 613 596 642 mortua
628 613 698 655 est,
732 602 981 643 Calumnia?

1005 661 1213 713 expiravit,
1245 676 1296 700 ne
1326 660 1494 702 dubites.
1584 671 1626 704 66

331 715 519 757 Servastis
552 732 632 757 me.
698 719 776 757 iam
803 719 899 771 quid
928 718 1132 771 agendum
1159 733 1276 770 porro
1301 718 1623 760 animadvertite.

334 773 480 814 Aderit
501 776 644 827 opinor
665 775 808 828 aliquis
830 775 879 815 ab
901 775 1073 829 Ingenio
1094 776 1231 815 statim
1253 777 1322 829 qui
1346 775 1402 815 illi
1423 777 1605 817 animam

334 830 541 871 Revocare
567 843 708 872 tentet.
755 833 896 886 quodsi
924 833 1145 886 reviviscat,
1171 848 1244 873 nos
1268 834 1364 874 hinc
1386 834 1435 873 ab
1459 834 1624 890 insidijs,

334 889 400 928 Ne
433 890 595 941 posthac
628 905 807 943 vnquam
839 905 878 930 se
908 891 1173 943 spectandum
1205 891 1297 930 dare
1328 891 1489 943 audeat,
1586 909 1626 942 70

333 946 613 999 Explodemus
644 949 847 1000 protinam

333 1003 369 1044 E
402 1005 573 1044 theatro.
636 1005 877 1045 adiutabunt
908 1006 1029 1045 etiarn
1062 1016 1316 1058 spectatores,
1347 1021 1475 1059 spero,

334 1061 483 1102 Saltem
515 1073 717 1116 quotquot
750 1064 814 1102 hic
845 1063 991 1102 adsunt
1024 1063 1138 1103 Fuci.

333 1121 474 1173 Atque
511 1135 655 1160 eccum
693 1120 992 1160 Philomathen.
1055 1135 1124 1160 vos
1162 1121 1292 1173 isthic,
1325 1136 1400 1175 ego
1432 1122 1496 1161 hic
1527 1137 1626 1162 con-

449 1192 613 1218 cessero.

601 1331 837 1376 SCAENA
875 1330 1171 1376 ULTIMA.

483 1439 751 1481 Philomathes.
815 1441 1024 1482 Comoedia.
1087 1442 1297 1494 Ingenium.

330 1532 409 1571 Nae
444 1533 533 1572 haec
566 1547 630 1572 me
662 1532 711 1572 ad
743 1532 981 1586 languorem
1014 1533 1123 1573 dedit
1155 1532 1321 1574 Plausus
1351 1534 1537 1587 quaestio,

330 1589 553 1643 Nusquam
577 1591 730 1643 reperio
753 1601 903 1630 tamen.
938 1591 1003 1631 sed
1026 1590 1123 1644 quid
1146 1590 1293 1631 video?
1330 1590 1592 1632 Comoediam
1611 1589 1624 1631 ?

330 1647 488 1689 Ohime
520 1649 765 1701 interempta
796 1658 867 1699 est,
901 1649 980 1688 iam
1012 1649 1092 1689 iam
1125 1650 1227 1689 iacet
1257 1659 1430 1689 mortua.

332 1704 374 1746 O
409 1717 461 1757 te,
494 1721 518 1745 o
549 1721 614 1745 me
648 1704 898 1746 infoelicem!
940 1707 1030 1760 quis
1061 1707 1137 1746 hoc
1169 1717 1253 1746 tam
1285 1706 1418 1746 dirum
1450 1707 1623 1760 patravit

446 1763 631 1804 facinus?

330 1821 437 1868 Quis
467 1821 533 1861 hic
566 1837 646 1875 prae
681 1821 833 1861 foribus
863 1821 1017 1862 eiulans
1047 1822 1304 1872 vociferatur,
1336 1836 1459 1875 gener
1489 1821 1579 1862 mi?
1605 1841 1622 1873 5

337 1879 420 1931 Ah,
452 1893 576 1932 socer,
608 1894 746 1920 eccam
779 1878 1040 1920 Comoediam
1072 1890 1315 1920 emortuam.

1211 1937 1263 1992 dij
1298 1937 1442 1978 melius
1474 1935 1621 1978 duint!

331 1995 375 2037 O
407 1995 552 2048 superi,
584 1996 661 2035 hoc
696 2010 773 2035 vno
804 1995 892 2048 plus
922 1996 1003 2034 vixi
1035 1994 1098 2035 die
1129 2010 1254 2049 quam
1286 2009 1356 2048 par
1387 1995 1476 2035 fuit.

333 2053 450 2100 Quin
481 2068 555 2093 nos
585 2064 786 2106 quantum
819 2053 913 2093 licet
942 2054 983 2092 in
1013 2054 1137 2093 vitam
1166 2067 1413 2093 revocemus.
1464 2052 1622 2106 adiuva,

331 2110 513 2152 Manum
544 2110 749 2151 admolire.
