1731 2360
157 135 232 184 44

158 481 252 521 Bal.

158 539 262 580 Hir.

158 595 252 661 Bas.

157 653 262 694 Hzr.

157 769 251 809 Bal.

157 883 262 924 Hir.

160 1113 246 1153 Bal

160 1145 264 1211 Hir]

160 1343 254 1384 Bal.

160 1401 263 1442 Hir.

159 1458 253 1524 Bass.

159 1516 263 1557 Htr.

161 1573 253 1639 Bal.

160 1631 264 1673 Htr.

159 1746 247 1786 Bal

160 1777 264 1844 Hir'.

160 1918 253 1960 Bal.

161 1976 264 2018 Hir.

163 2091 242 2134 Vil.

773 118 1018 169 FUCUS
1285 125 1411 179 [Aer.
1435 138 1474 180 3,
1497 126 1559 167 Sc.
1582 131 1627 179 4⁸

720 282 957 329 SCAENA
993 286 1069 340 ΔΓΜ.

469 389 632 429 Intrant
665 389 859 440 Villanus‚
893 388 1081 440 Ballada‚
1114 388 1317 428 Hirsutus.

335 481 434 528 Quo
466 497 577 522 nunc
608 497 649 522 se
681 481 814 522 dicam
847 483 1086 535 proripuisse
1116 497 1166 522 ex
1199 481 1383 522 aedibus?

335 539 444 580 Ecce
473 540 538 579 vbi
567 540 766 592 suspirans
795 539 988 580 ambulat.
1049 555 1162 593 papae
1193 540 1370 580 hominis
1396 538 1623 581 stultitiam.

335 596 450 644 Quid
481 597 510 637 si
543 597 730 637 simulem
762 612 808 637 ac
840 598 868 637 si
902 597 1078 637 subirata
1109 596 1165 636 illi
1197 597 1329 637 adhuc
1361 596 1492 638 siem?

336 654 564 694 Hominem
595 654 660 708 pol
691 655 825 708 adiges
855 655 904 694 ad
936 655 1144 695 insaniam.

333 710 493 752 Verum
524 727 597 766 age
627 722 670 752 vt
702 711 826 752 lubet.

831 768 895 809 Sic
927 769 1002 810 erit
1034 769 1250 821 mehercle,
1608 789 1624 821 5

334 825 658 880 Quamprimum
691 842 755 867 me
788 828 945 879 viderit,
976 828 1057 867 ruit
1089 828 1130 867 in
1161 826 1370 880 amplexus
1399 828 1494 868 scio.

334 884 395 923 At
424 885 454 924 si
487 884 554 924 des
584 885 684 924 mihi
716 885 891 936 veniam,
923 894 966 924 vt
997 899 1073 940 ego
1103 895 1142 924 te
1174 885 1315 925 adeam
1346 885 1454 937 prius

333 941 474 994 Atque
499 956 578 981 vna
601 941 820 995 colloquar,
843 942 968 982 faxim
994 956 1078 981 non
1101 942 1223 982 modo
1245 957 1328 981 non
1355 943 1397 982 in
1417 941 1628 995 amplexus

447 1010 537 1038 ruat

335 1055 410 1096 Sed
442 1067 481 1096 te
512 1056 635 1096 etiam
667 1057 795 1110 fugiat
826 1056 971 1097 frustra
1001 1066 1217 1097 vocantem
1250 1057 1408 1110 saepius.

336 1113 452 1161 Quid
483 1113 688 1167 depones?

691 1186 759 1224 per
790 1171 884 1212 deos
914 1173 991 1211 hoc
1024 1172 1130 1211 haud
1162 1171 1239 1211 vile
1271 1172 1495 1224 sudarium,
1587 1193 1627 1215 10

334 1227 501 1282 Propria
531 1230 675 1269 amicae
711 1244 812 1269 meae
844 1228 1094 1270 elaboratum
1126 1244 1264 1270 manu.

334 1286 493 1326 Annon
525 1286 685 1342 elegans
716 1286 802 1328 est?

836 1343 1044 1385 Mecastor
1074 1343 1231 1385 subolet
1262 1345 1421 1385 mihi—

335 1400 529 1442 Subolet?

525 1458 683 1500 Scilicet
715 1460 889 1500 amicam
921 1470 960 1499 te
992 1459 1137 1499 habere
1168 1458 1357 1512 lepidam.

335 1515 436 1557 Satis
467 1516 597 1569 lepida
627 1528 699 1569 est,
732 1518 806 1572 dijs
836 1518 994 1571 gratias,
1026 1516 1093 1557 sed
1124 1517 1222 1571 quid
1252 1516 1336 1558 ais?

334 1573 425 1628 Ego
456 1575 566 1614 hunc
597 1574 798 1615 annulum
829 1575 1031 1628 deponam
1062 1585 1216 1615 contra.

1218 1631 1439 1674 Convenit.
1590 1653 1625 1685 ¹5

334 1688 503 1742 AEdipol
535 1690 565 1730 si
597 1690 773 1741 vincam,
805 1690 881 1730 erit
913 1690 978 1730 hic
1010 1689 1199 1743 nuptialis
1230 1704 1344 1731 meus
1374 1690 1560 1732 annulus.

336 1747 428 1800 Age
459 1762 567 1801 ergo.

587 1805 698 1857 Hoh,
731 1805 907 1858 Villane,
939 1804 1034 1859 quid
1066 1804 1221 1845 malum
1253 1819 1359 1859 aegre
1390 1816 1448 1846 est
1479 1806 1581 1847 tibi?

335 1860 496 1916 Ecquid
527 1862 770 1915 respondes?

336 1919 404 1960 Ha
436 1919 503 1960 Ha
534 1920 597 1960 he.

604 1978 676 2017 An
708 1978 905 2018 obstinate
939 1978 1086 2018 insanis
1115 1977 1310 2018 obsecro?

335 2034 446 2075 Audi
468 2035 532 2087 sis,
549 2035 765 2076 consilium
782 2050 856 2089 ego
874 2036 1020 2076 dedero
1042 2035 1113 2075 tibi
1136 2036 1177 2075 in
1200 2050 1287 2076 rem
1302 2035 1411 2090 quod
1427 2037 1478 2077 sit
1499 2047 1625 2079 tuam.

336 2091 552 2146 Eloquere.
