1731 2360
80 124 186 165 Aer.
215 136 250 176 1,
272 122 335 163 Sc.
360 122 421 176 2²]
497 110 1118 164 HISTRIOMASTIX
1513 122 1543 172 9

80 243 180 285 Pru.

81 358 118 399 F
117 374 170 399 uc.

82 531 119 571 C
120 546 174 572 or.

81 645 181 687 Pru.

82 760 119 801 F
118 777 170 802 uc.

85 876 121 916 C
122 891 175 917 or.

82 1048 182 1090 Pru.

84 1107 174 1148 Cor.

82 1163 120 1203 F
118 1180 170 1205 uc.

86 1337 171 1379 Cor.

83 1396 121 1436 F
120 1412 175 1436 uc.

84 1570 175 1610 Cor.

83 1626 120 1667 F
118 1643 171 1667 uc.

84 1685 121 1725 C
122 1701 175 1726 or.

84 1856 173 1898 Fuc.

84 1974 120 2014 C
121 1989 174 2014 or.

253 242 383 283 Probe
414 257 555 283 mones
585 256 679 282 sane
710 255 794 281 non
828 239 946 279 iocari
981 239 1020 278 in
1052 237 1228 291 publico,

253 300 380 348 Quod
412 310 549 340 tamen
582 298 699 339 multi
734 312 843 339 nunc
875 297 1032 337 dierum
1065 295 1264 335 factitant.

250 358 353 399 Sane
373 373 496 412 quam
519 357 694 410 plurimi.
737 367 776 396 at
794 355 909 395 nobis
933 369 1014 394 non
1036 353 1144 404 licet,
1160 351 1399 392 severiorem
1420 349 1546 388 vitam

254 415 340 462 Qui
383 415 566 467 colimus,
599 415 714 454 nobis
754 428 837 453 non
881 412 973 452 licet
1015 411 1134 451 iocari
1179 410 1218 449 in
1261 407 1437 461 publico,
1478 405 1545 446 sed

367 473 617 523 clanculum,
649 471 898 512 clanculum.
1508 483 1545 513 15

253 541 293 572 et
330 530 490 571 nullum
527 545 610 570 non
642 540 796 583 patrare
833 528 1001 578 facinus,
1034 525 1156 566 modo
1192 523 1262 564 fiat
1298 521 1546 572 clanculum,

367 587 612 629 clanculum.

254 646 314 686 At
345 660 468 686 nemo
501 646 565 685 hic
593 645 703 685 adest
735 659 800 684 me
822 643 925 695 vide,
947 652 1156 695 captemus
1187 640 1307 695 igitur
1329 638 1427 678 dum
1453 635 1547 675 licet

369 704 474 744 hanc
506 701 846 743 occasiunculam.

252 760 393 808 Quam
416 760 563 801 vellem
592 775 699 812 sane,
720 759 788 799 sed
812 772 949 799 vereor
978 772 1028 797 ne
1057 756 1147 810 quis
1179 756 1243 795 hic
1264 753 1365 795 adsit
1386 752 1547 802 arbiter,

257 818 421 859 Nostris
451 818 596 859 osculis
626 832 772 870 auceps
802 816 941 857 oculis.
1313 807 1439 864 [They
1460 809 1550 849 kisse

258 876 324 916 Ha
358 877 426 916 Ha
457 877 535 916 he:
578 886 621 916 vt
652 874 887 915 osculantur
917 872 1166 923 clanculum,
1198 868 1445 911 clanculum.
1508 886 1549 908 20

255 934 315 974 At
333 949 407 988 ego
425 934 645 974 divortium
668 932 813 973 fecero.
867 931 982 972 Deus
1003 931 1123 982 bone,
1141 930 1206 970 vbi
1224 928 1289 968 vbi
1312 941 1393 967 esse
1415 926 1547 965 dicam

257 1002 550 1045 praeceptorem
583 1006 721 1031 meum
741 989 754 1030 ?
1009 986 1134 1042 [They
1150 996 1246 1040 part
1268 985 1348 1025 and
1367 999 1467 1023 runn
1489 991 1550 1022 out

257 1049 331 1091 Oh
356 1049 536 1101 Corneli,
560 1050 624 1089 vbi
648 1060 694 1089 tu
717 1048 825 1089 fuisti
850 1049 928 1087 iam
952 1044 1104 1086 modo?

703 1121 786 1145 non
809 1104 950 1159 procul
973 1105 1068 1143 hinc
1089 1103 1120 1142 si
1142 1102 1274 1155 placet
1296 1097 1545 1142 clanculum.

255 1165 369 1205 Bene
409 1176 480 1205 est.
541 1165 570 1205 si
612 1164 710 1218 quid
753 1164 856 1203 forte
896 1161 1151 1214 conspexeris
1191 1159 1301 1214 quod
1343 1157 1428 1198 fieri
1467 1170 1549 1196 non

370 1232 529 1275 oportet
562 1223 601 1262 in
634 1221 809 1275 publico,

256 1280 368 1322 Cave
399 1280 620 1331 mutiveris,
652 1278 833 1320 Corneli.

678 1352 759 1389 ero,
783 1351 834 1376 ne
856 1335 1026 1387 dubites,
1049 1332 1266 1375 Cornelius
1287 1331 1475 1372 Tacitus.
1511 1348 1548 1379 25

256 1396 323 1435 Ha
353 1396 419 1435 Ha
450 1397 515 1436 he.
580 1394 683 1435 Sane
705 1409 799 1434 vero
829 1395 951 1434 risum
975 1392 1167 1446 expressit
1195 1404 1297 1444 pene
1321 1387 1549 1442 inopinanti

373 1454 486 1494 mihi.

257 1511 333 1552 Sed
364 1512 428 1551 vbi
461 1520 520 1551 est
553 1509 800 1551 Prudentia?

764 1567 941 1619 Quaeris,
963 1576 1202 1620 praeceptor,
1225 1563 1262 1604 id
1284 1562 1393 1617 quod
1416 1562 1550 1601 habes.

257 1626 386 1674 Quasi
419 1641 484 1666 me
517 1626 756 1679 prudentem
790 1626 911 1677 dicas,
945 1622 1142 1666 Corneli?

1140 1679 1362 1720 admodum
1381 1692 1391 1719 ;

255 1743 381 1794 Nam,
403 1742 431 1782 si
456 1741 663 1794 prudentis
683 1752 741 1781 est
764 1740 893 1781 multa
914 1738 1177 1790 dissimulare,
1254 1738 1327 1790 [ad
1337 1745 1552 1790 spectatores

254 1800 330 1840 Tu
361 1800 563 1852 omniurn,
597 1810 831 1852 praeceptor,
865 1798 982 1838 facile
1013 1812 1052 1838 es
1085 1795 1430 1850 prudentissimus.
1512 1812 1553 1843 30

255 1857 371 1905 Quin
404 1868 448 1897 tu
481 1858 576 1897 hinc
608 1857 724 1908 foras,
757 1855 941 1906 Corneli,
974 1855 1103 1895 verbis
1133 1864 1301 1894 evocato
1332 1853 1432 1892 meis

255 1914 548 1956 Prudentiam:
583 1926 640 1955 est
671 1914 737 1954 illa
769 1915 892 1967 proba
922 1928 1016 1954 sane
1048 1913 1219 1953 foemina
1249 1922 1290 1951 et
1322 1911 1441 1951 bona.

256 1973 370 2020 Quid
404 1973 526 2026 igitur
556 1972 832 2026 (praeceptor),
865 1972 934 2011 tua
965 1985 1062 2024 pace
1095 1970 1280 2021 dixerim,

256 2030 355 2072 Eius
386 2046 469 2070 non
502 2041 561 2070 est
593 2029 812 2070 exosculari
846 2030 1040 2069 virtutem
1078 2029 1118 2068 in
1152 2027 1313 2081 publico
1343 2026 1410 2066 sed
1442 2025 1554 2066 clan-

370 2088 510 2129 culum
529 2087 541 2128 ?
