1731 2360
124 933 215 975 Phi.

126 1338 204 1381 Vil.

121 1570 213 1610 Phi.

122 1627 162 1669 V
159 1628 199 1668 il.

124 1686 215 1726 Cin,

123 1743 201 1785 Vil.

124 1859 209 1899 Cin.

120 1915 214 1957 Phi.

122 1974 212 2038 Cin.

122 2031 200 2074 Vzl.

740 108 985 157 FUCUS
1254 116 1382 169 [ACT.
1404 128 1445 166 4,
1468 115 1530 156 sc.
1552 119 1599 167 42

303 236 383 276 Hae
418 237 458 276 in
491 236 753 277 Comoediam
784 248 1036 291 quaerentem
1071 237 1263 278 Plausum
1295 239 1464 290 irruent,
1555 256 1597 288 30

302 293 537 334 Maledictis
567 293 768 335 different.
830 295 898 334 sed
929 295 1028 348 quid
1059 296 1088 335 si
1123 296 1202 335 iam
1234 295 1440 336 Iudicium

301 351 364 391 vel
396 350 618 405 Ingenium
650 353 750 391 mihi
784 353 886 392 forte
919 352 1210 392 occurrerent?

302 410 354 448 oh
387 409 548 449 vultum
579 410 634 449 sic
666 424 969 462 componerem,
999 410 1177 450 frontem
1209 411 1478 464 porrigerem3

303 469 328 488 “
344 465 471 518 Salve,
503 466 738 520 Ingenium,
770 467 876 507 salve
906 482 1001 507 sane
1032 467 1269 520 plurimum.

301 522 369 563 De
401 534 482 563 tuae
517 523 746 565 Comoediae
778 525 942 564 fortuna
972 525 1152 565 multum
1184 525 1255 565 tibi
1287 524 1508 579 gratulor.’'
1551 542 1592 576 35

301 580 375 623 Oh
406 582 582 634 speciosa
612 581 807 622 vocabula
840 581 1049 637 maleficijs
1080 583 1290 635 imponere

299 638 502 691 Sapientia
532 650 604 679 est.
668 654 810 679 verum
842 654 917 694 ego
949 640 1045 680 hinc
1077 641 1156 680 iam
1187 641 1301 681 abeo.

703 764 921 810 SCENA
961 771 1020 826 52.

377 853 644 894 Philomathes.
709 854 899 895 Villanus.
964 854 1175 893 Cinnamus
1206 863 1339 893 tonsor.

298 934 364 974 Ne
394 935 528 974 vivam
559 934 590 973 si
624 948 706 973 non
740 933 804 973 hic
837 932 1026 973 Villanus
1056 934 1175 987 nugis

297 1002 337 1032 et
369 991 642 1032 deliramentis
673 990 863 1031 ruricolas
895 990 1016 1046 longe
1046 1005 1188 1030 omnes
1217 991 1359 1032 anteit.

299 1049 434 1090 Modo
465 1049 685 1089 meditatur
717 1048 899 1100 rithmos‚
931 1048 1056 1101 pectit
1086 1063 1126 1088 se
1157 1049 1280 1088 modo

298 1106 354 1148 Et
384 1118 536 1147 aratam
569 1107 714 1146 faciem
745 1120 860 1146 suam
892 1105 1039 1159 levigat
1069 1105 1118 1146 ad
1148 1106 1372 1159 speculum.

297 1164 534 1205 Tonsorem
565 1164 687 1204 etiam
718 1164 927 1203 accersivit
958 1163 1080 1203 modo
1111 1165 1180 1217 qui
1213 1164 1342 1204 crines
1373 1165 1408 1204 ei
1570 1183 1589 1214 5

297 1222 347 1263 In
379 1222 564 1262 ordinem
596 1221 749 1275 digerat
779 1231 820 1261 et
852 1221 1017 1261 barbam
1054 1222 1240 1275 corrigat.

298 1280 440 1334 Atque
470 1294 614 1320 eccum
645 1278 862 1330 Stolonem,
894 1279 958 1330 ha,
990 1279 1054 1330 ha,
1086 1293 1110 1318 o
1141 1278 1276 1330 latera,
1309 1277 1459 1320 latera!

353 1337 478 1389 Ecce,
511 1352 601 1376 mea
633 1335 810 1388 Ballada,
843 1350 970 1376 roseas
1001 1337 1119 1377 hasce
1150 1351 1271 1392 genas

353 1394 422 1447 Et,
454 1395 528 1435 nisi
561 1393 663 1434 fallit
693 1393 917 1447 speculum,
949 1393 1127 1447 vndique
1157 1409 1351 1447 amoenas,

357 1452 555 1493 Coelestes
587 1465 680 1492 ecce
711 1451 850 1492 oculos
879 1452 1125 1505 cervicisque
1157 1453 1307 1504 nivem,
1549 1472 1589 1496 10

354 1510 470 1550 Nihil
502 1511 649 1550 horum
679 1509 729 1549 ad
760 1523 942 1549 amorem
973 1509 1069 1549 facit
1100 1520 1140 1549 te
1171 1509 1420 1563 procliuem?

293 1567 337 1610 O
371 1567 626 1619 Democrite,
659 1564 928 1607 Democrite!

953 1624 1131 1664 ehodum
1163 1636 1221 1666 tu.

297 1684 411 1731 Quid
444 1694 515 1735 est,
547 1683 727 1733 domine,
759 1682 856 1736 quid
888 1681 977 1722 est?

294 1740 454 1782 Attolle
487 1742 588 1792 haec,
621 1755 693 1794 age
725 1741 833 1793 erige
863 1754 1006 1793 quaeso
1037 1741 1119 1780 cito
1151 1741 1247 1793 cito,

292 1800 359 1840 Ne
390 1799 534 1838 nostris
564 1798 897 1851 praepedimenta,
930 1798 988 1851 (vt
1018 1797 1163 1852 solent)
1193 1799 1297 1839 sient
1328 1799 1485 1841 osculis.
1548 1821 1584 1852 15

291 1857 398 1907 Fiet,
431 1856 609 1907 domine,
643 1854 713 1895 fiet
743 1855 895 1895 statim.

667 1914 731 1964 ha,
764 1914 828 1964 ha,
860 1914 924 1964 he,
956 1913 1022 1953 hic
1055 1914 1178 1953 homo
1210 1925 1304 1954 ante
1336 1914 1436 1967 pilos
1467 1917 1583 1970 sapit.

293 1972 456 2025 Aspice.
518 1982 561 2010 vt
593 1970 781 2010 videntur
812 1970 916 2010 tibi?
966 1971 1111 2024 ecquid
1144 1970 1277 2011 belle?

1285 2029 1522 2072 Bellissime.

292 2087 382 2143 Ego
413 2100 554 2126 omnes
584 2085 704 2126 aulici
738 2085 786 2126 de
818 2100 884 2127 me
916 2086 1151 2139 exemplum
1183 2098 1346 2128 sumant
1376 2088 1481 2129 volo.
