<?xml version="1.0" encoding="UTF-8"?>
<!DOCTYPE html PUBLIC "-//W3C//DTD XHTML 1.0 Transitional//EN"
    "http://www.w3.org/TR/xhtml1/DTD/xhtml1-transitional.dtd">
<html xmlns="http://www.w3.org/1999/xhtml" xml:lang="en" lang="en">
 <head>
  <title>
</title>
<meta http-equiv="Content-Type" content="text/html;charset=utf-8" />
  <meta name='ocr-system' content='tesseract 3.04.00' />
  <meta name='ocr-capabilities' content='ocr_page ocr_carea ocr_par ocr_line ocrx_word'/>
</head>
<body>
  <div class='ocr_page' id='page_1' title='image "./fucushistriomast00warduoft_0055.png"; bbox 0 0 1731 2360; ppageno 0'>
   <div class='ocr_carea' id='block_1_1' title="bbox 90 143 1548 212">
    <p class='ocr_par' dir='ltr' id='par_1_1' title="bbox 90 143 1548 212">
     <span class='ocr_line' id='line_1_1' title="bbox 90 143 1548 212; baseline 0.001 -21"><span class='ocrx_word' id='word_1_1' title='bbox 90 151 200 191; x_wconf 79' lang='lat' dir='ltr'><strong>AcT.</strong></span> <span class='ocrx_word' id='word_1_2' title='bbox 225 163 265 204; x_wconf 88' lang='lat'>2,</span> <span class='ocrx_word' id='word_1_3' title='bbox 288 150 349 192; x_wconf 92' lang='lat' dir='ltr'>Sc.</span> <span class='ocrx_word' id='word_1_4' title='bbox 368 151 430 205; x_wconf 78' lang='lat'>4²²]</span> <span class='ocrx_word' id='word_1_5' title='bbox 512 143 1140 194; x_wconf 87' lang='lat' dir='ltr'>HISTRIOMASTIX</span> <span class='ocrx_word' id='word_1_6' title='bbox 1490 161 1515 212; x_wconf 79' lang='lat'>3</span> <span class='ocrx_word' id='word_1_7' title='bbox 1532 159 1548 192; x_wconf 95' lang='lat'>1</span> 
     </span>
    </p>
   </div>
   <div class='ocr_carea' id='block_1_2' title="bbox 92 389 178 441">
    <p class='ocr_par' dir='ltr' id='par_1_2' title="bbox 92 389 178 441">
     <span class='ocr_line' id='line_1_2' title="bbox 92 389 178 441; baseline 0 -13"><span class='ocrx_word' id='word_1_8' title='bbox 92 389 178 441; x_wconf 87' lang='lat' dir='ltr'><em>Ign.</em></span> 
     </span>
    </p>
   </div>
   <div class='ocr_carea' id='block_1_3' title="bbox 90 853 178 893">
    <p class='ocr_par' dir='ltr' id='par_1_3' title="bbox 90 853 178 893">
     <span class='ocr_line' id='line_1_3' title="bbox 90 853 178 893; baseline 0.011 -1"><span class='ocrx_word' id='word_1_9' title='bbox 90 853 178 893; x_wconf 87' lang='lat' dir='ltr'>Iud.</span> 
     </span>
    </p>
   </div>
   <div class='ocr_carea' id='block_1_4' title="bbox 92 1198 177 1251">
    <p class='ocr_par' dir='ltr' id='par_1_4' title="bbox 92 1198 177 1251">
     <span class='ocr_line' id='line_1_4' title="bbox 92 1198 177 1251; baseline 0.012 -14"><span class='ocrx_word' id='word_1_10' title='bbox 92 1198 177 1251; x_wconf 90' lang='lat' dir='ltr'><em>Ing.</em></span> 
     </span>
    </p>
   </div>
   <div class='ocr_carea' id='block_1_5' title="bbox 93 1429 179 1539">
    <p class='ocr_par' dir='ltr' id='par_1_5' title="bbox 93 1429 179 1539">
     <span class='ocr_line' id='line_1_5' title="bbox 93 1429 179 1469; baseline 0.012 -1"><span class='ocrx_word' id='word_1_11' title='bbox 93 1429 119 1468; x_wconf 96' lang='lat' dir='ltr'><em>I</em></span> <span class='ocrx_word' id='word_1_12' title='bbox 118 1429 179 1469; x_wconf 89' lang='lat' dir='ltr'>ud.</span> 
     </span>
     <span class='ocr_line' id='line_1_6' title="bbox 93 1487 178 1539; baseline 0 -13"><span class='ocrx_word' id='word_1_13' title='bbox 93 1487 178 1539; x_wconf 86' lang='lat' dir='ltr'><em>Ing.</em></span> 
     </span>
    </p>
   </div>
   <div class='ocr_carea' id='block_1_6' title="bbox 94 1718 182 1758">
    <p class='ocr_par' dir='ltr' id='par_1_6' title="bbox 94 1718 182 1758">
     <span class='ocr_line' id='line_1_7' title="bbox 94 1718 182 1758; baseline 0.011 -1"><span class='ocrx_word' id='word_1_14' title='bbox 94 1718 182 1758; x_wconf 89' lang='lat' dir='ltr'><em>Iud.</em></span> 
     </span>
    </p>
   </div>
   <div class='ocr_carea' id='block_1_7' title="bbox 94 1947 177 2000">
    <p class='ocr_par' dir='ltr' id='par_1_7' title="bbox 94 1947 177 2000">
     <span class='ocr_line' id='line_1_8' title="bbox 94 1947 177 2000; baseline 0 -13"><span class='ocrx_word' id='word_1_15' title='bbox 94 1947 177 2000; x_wconf 85' lang='lat' dir='ltr'><em>Ing.</em></span> 
     </span>
    </p>
   </div>
   <div class='ocr_carea' id='block_1_8' title="bbox 262 271 1560 614">
    <p class='ocr_par' dir='ltr' id='par_1_8' title="bbox 262 271 1461 385">
     <span class='ocr_line' id='line_1_9' title="bbox 262 271 1461 325; baseline -0.001 -12"><span class='ocrx_word' id='word_1_16' title='bbox 262 273 331 313; x_wconf 89' lang='lat' dir='ltr'>Ad</span> <span class='ocrx_word' id='word_1_17' title='bbox 361 273 541 312; x_wconf 86' lang='lat' dir='ltr'>amicum</span> <span class='ocrx_word' id='word_1_18' title='bbox 572 272 777 325; x_wconf 85' lang='lat' dir='ltr'><strong>quendam</strong></span> <span class='ocrx_word' id='word_1_19' title='bbox 809 271 990 324; x_wconf 89' lang='lat' dir='ltr'>lepidum</span> <span class='ocrx_word' id='word_1_20' title='bbox 1023 286 1178 323; x_wconf 87' lang='lat' dir='ltr'>meum,</span> <span class='ocrx_word' id='word_1_21' title='bbox 1212 273 1263 311; x_wconf 91' lang='lat' dir='ltr'>ibi</span> <span class='ocrx_word' id='word_1_22' title='bbox 1297 272 1461 312; x_wconf 88' lang='lat' dir='ltr'>fortasse</span> 
     </span>
     <span class='ocr_line' id='line_1_10' title="bbox 264 329 1063 385; baseline -0.003 -15"><span class='ocrx_word' id='word_1_23' title='bbox 264 330 435 385; x_wconf 86' lang='lat' dir='ltr'>Consilij</span> <span class='ocrx_word' id='word_1_24' title='bbox 470 330 678 384; x_wconf 84' lang='lat' dir='ltr'>regionem</span> <span class='ocrx_word' id='word_1_25' title='bbox 711 329 914 368; x_wconf 86' lang='lat' dir='ltr'>inveniam</span> <span class='ocrx_word' id='word_1_26' title='bbox 949 329 1063 368; x_wconf 89' lang='lat' dir='ltr'>mihi.</span> 
     </span>
    </p>

    <p class='ocr_par' dir='ltr' id='par_1_9' title="bbox 268 385 1297 442">
     <span class='ocr_line' id='line_1_11' title="bbox 268 385 1297 442; baseline -0.002 -15"><span class='ocrx_word' id='word_1_27' title='bbox 268 388 387 442; x_wconf 91' lang='lat' dir='ltr'>Abijt</span> <span class='ocrx_word' id='word_1_28' title='bbox 418 401 494 427; x_wconf 90' lang='lat' dir='ltr'>nec</span> <span class='ocrx_word' id='word_1_29' title='bbox 526 401 666 426; x_wconf 90' lang='lat' dir='ltr'>meum</span> <span class='ocrx_word' id='word_1_30' title='bbox 688 385 988 439; x_wconf 84' lang='lat' dir='ltr'>stultiloquium</span> <span class='ocrx_word' id='word_1_31' title='bbox 1021 387 1123 426; x_wconf 88' lang='lat' dir='ltr'>ferre</span> <span class='ocrx_word' id='word_1_32' title='bbox 1155 396 1297 439; x_wconf 89' lang='lat' dir='ltr'>potest.</span> 
     </span>
    </p>

    <p class='ocr_par' dir='ltr' id='par_1_10' title="bbox 265 443 1391 500">
     <span class='ocr_line' id='line_1_12' title="bbox 265 443 1391 500; baseline -0.002 -15"><span class='ocrx_word' id='word_1_33' title='bbox 265 445 338 500; x_wconf 85' lang='lat' dir='ltr'>Dij</span> <span class='ocrx_word' id='word_1_34' title='bbox 373 460 439 485; x_wconf 87' lang='lat' dir='ltr'>me</span> <span class='ocrx_word' id='word_1_35' title='bbox 470 455 664 497; x_wconf 91' lang='lat' dir='ltr'>perpetuo</span> <span class='ocrx_word' id='word_1_36' title='bbox 695 444 867 495; x_wconf 88' lang='lat' dir='ltr'>oderint,</span> <span class='ocrx_word' id='word_1_37' title='bbox 900 458 976 497; x_wconf 81' lang='lat' dir='ltr'>ego</span> <span class='ocrx_word' id='word_1_38' title='bbox 1007 444 1036 483; x_wconf 90' lang='lat' dir='ltr'>si</span> <span class='ocrx_word' id='word_1_39' title='bbox 1071 443 1200 483; x_wconf 87' lang='lat' dir='ltr'>inulta</span> <span class='ocrx_word' id='word_1_40' title='bbox 1230 444 1391 484; x_wconf 88' lang='lat' dir='ltr'>moriar.</span> 
     </span>
    </p>

    <p class='ocr_par' dir='ltr' id='par_1_11' title="bbox 263 500 1560 614">
     <span class='ocr_line' id='line_1_13' title="bbox 264 500 1560 554; baseline 0 -11"><span class='ocrx_word' id='word_1_41' title='bbox 264 503 298 543; x_wconf 90' lang='lat' dir='ltr'>F</span> <span class='ocrx_word' id='word_1_42' title='bbox 301 517 426 543; x_wconf 89' lang='lat' dir='ltr'>ueum</span> <span class='ocrx_word' id='word_1_43' title='bbox 458 502 648 541; x_wconf 87' lang='lat' dir='ltr'>animabo</span> <span class='ocrx_word' id='word_1_44' title='bbox 679 512 802 552; x_wconf 88' lang='lat' dir='ltr'>certe,</span> <span class='ocrx_word' id='word_1_45' title='bbox 835 512 1018 553; x_wconf 88' lang='lat' dir='ltr'>coeptum</span> <span class='ocrx_word' id='word_1_46' title='bbox 1052 512 1092 541; x_wconf 92' lang='lat' dir='ltr'>vt</span> <span class='ocrx_word' id='word_1_47' title='bbox 1124 500 1305 554; x_wconf 85' lang='lat' dir='ltr'>perficiat</span> <span class='ocrx_word' id='word_1_48' title='bbox 1520 520 1560 551; x_wconf 89' lang='lat'>50</span> 
     </span>
     <span class='ocr_line' id='line_1_14' title="bbox 263 558 1191 614; baseline -0.002 -13"><span class='ocrx_word' id='word_1_49' title='bbox 263 560 319 601; x_wconf 89' lang='lat' dir='ltr'>Et</span> <span class='ocrx_word' id='word_1_50' title='bbox 349 560 490 614; x_wconf 90' lang='lat' dir='ltr'>quovis</span> <span class='ocrx_word' id='word_1_51' title='bbox 522 559 644 599; x_wconf 93' lang='lat' dir='ltr'>modo</span> <span class='ocrx_word' id='word_1_52' title='bbox 677 558 939 600; x_wconf 83' lang='lat' dir='ltr'>Comoediam</span> <span class='ocrx_word' id='word_1_53' title='bbox 972 559 1191 599; x_wconf 86' lang='lat' dir='ltr'>interimat.</span> 
     </span>
    </p>
   </div>
   <div class='ocr_carea' id='block_1_9' title="bbox 469 680 1165 738">
    <p class='ocr_par' dir='ltr' id='par_1_12' title="bbox 469 680 1165 738">
     <span class='ocr_line' id='line_1_15' title="bbox 469 680 1165 738; baseline 0.001 -11"><span class='ocrx_word' id='word_1_54' title='bbox 469 681 692 727; x_wconf 80' lang='lat' dir='ltr'>ACTUs</span> <span class='ocrx_word' id='word_1_55' title='bbox 732 695 774 726; x_wconf 87' lang='lat'>2.</span> <span class='ocrx_word' id='word_1_56' title='bbox 849 680 1087 726; x_wconf 84' lang='lat' dir='ltr'><strong>SCAENA</strong></span> <span class='ocrx_word' id='word_1_57' title='bbox 1123 698 1165 738; x_wconf 80' lang='lat'>4.</span> 
     </span>
    </p>
   </div>
   <div class='ocr_carea' id='block_1_10' title="bbox 589 769 1061 822">
    <p class='ocr_par' dir='ltr' id='par_1_13' title="bbox 589 769 1061 822">
     <span class='ocr_line' id='line_1_16' title="bbox 589 769 1061 822; baseline 0.002 -13"><span class='ocrx_word' id='word_1_58' title='bbox 589 770 799 822; x_wconf 83' lang='lat' dir='ltr'><em>Ingenium.</em></span> <span class='ocrx_word' id='word_1_59' title='bbox 861 769 1061 810; x_wconf 85' lang='lat' dir='ltr'><em>Iudicium.</em></span> 
     </span>
    </p>
   </div>
   <div class='ocr_carea' id='block_1_11' title="bbox 262 851 1562 2173">
    <p class='ocr_par' dir='ltr' id='par_1_14' title="bbox 262 851 1557 1352">
     <span class='ocr_line' id='line_1_17' title="bbox 264 851 1388 906; baseline -0.002 -14"><span class='ocrx_word' id='word_1_60' title='bbox 264 852 468 905; x_wconf 84' lang='lat' dir='ltr'>Errorem,</span> <span class='ocrx_word' id='word_1_61' title='bbox 501 851 739 906; x_wconf 82' lang='lat' dir='ltr'>Ingenium,</span> <span class='ocrx_word' id='word_1_62' title='bbox 772 852 881 905; x_wconf 81' lang='lat' dir='ltr'>cogis</span> <span class='ocrx_word' id='word_1_63' title='bbox 911 861 957 890; x_wconf 88' lang='lat' dir='ltr'>tu</span> <span class='ocrx_word' id='word_1_64' title='bbox 989 866 1054 890; x_wconf 91' lang='lat' dir='ltr'>me</span> <span class='ocrx_word' id='word_1_65' title='bbox 1087 851 1200 890; x_wconf 88' lang='lat' dir='ltr'>fateri</span> <span class='ocrx_word' id='word_1_66' title='bbox 1235 866 1388 891; x_wconf 89' lang='lat' dir='ltr'>meum.</span> 
     </span>
     <span class='ocr_line' id='line_1_18' title="bbox 265 909 1353 962; baseline -0.002 -12"><span class='ocrx_word' id='word_1_67' title='bbox 265 910 446 961; x_wconf 89' lang='lat' dir='ltr'>Etenim,</span> <span class='ocrx_word' id='word_1_68' title='bbox 479 924 574 949; x_wconf 87' lang='lat' dir='ltr'>cum</span> <span class='ocrx_word' id='word_1_69' title='bbox 607 910 709 949; x_wconf 88' lang='lat' dir='ltr'>serio</span> <span class='ocrx_word' id='word_1_70' title='bbox 740 909 845 962; x_wconf 90' lang='lat' dir='ltr'>apud</span> <span class='ocrx_word' id='word_1_71' title='bbox 879 924 944 948; x_wconf 90' lang='lat' dir='ltr'>me</span> <span class='ocrx_word' id='word_1_72' title='bbox 977 909 1082 948; x_wconf 83' lang='lat' dir='ltr'>hane</span> <span class='ocrx_word' id='word_1_73' title='bbox 1115 923 1199 948; x_wconf 87' lang='lat' dir='ltr'>rem</span> <span class='ocrx_word' id='word_1_74' title='bbox 1231 910 1353 962; x_wconf 82' lang='lat' dir='ltr'>agito,</span> 
     </span>
     <span class='ocr_line' id='line_1_19' title="bbox 265 966 1359 1021; baseline -0.002 -14"><span class='ocrx_word' id='word_1_75' title='bbox 265 967 465 1021; x_wconf 87' lang='lat' dir='ltr'>Perquam</span> <span class='ocrx_word' id='word_1_76' title='bbox 496 978 596 1007; x_wconf 78' lang='lat' dir='ltr'>esset</span> <span class='ocrx_word' id='word_1_77' title='bbox 628 967 744 1007; x_wconf 84' lang='lat' dir='ltr'>facile</span> <span class='ocrx_word' id='word_1_78' title='bbox 776 967 876 1006; x_wconf 85' lang='lat' dir='ltr'>Fuci</span> <span class='ocrx_word' id='word_1_79' title='bbox 909 977 1148 1020; x_wconf 82' lang='lat' dir='ltr'>argumenta</span> <span class='ocrx_word' id='word_1_80' title='bbox 1181 966 1359 1006; x_wconf 87' lang='lat' dir='ltr'>refellere</span> 
     </span>
     <span class='ocr_line' id='line_1_20' title="bbox 264 1024 1488 1079; baseline -0.002 -14"><span class='ocrx_word' id='word_1_81' title='bbox 264 1026 421 1079; x_wconf 88' lang='lat' dir='ltr'>Tuque</span> <span class='ocrx_word' id='word_1_82' title='bbox 451 1025 552 1065; x_wconf 87' lang='lat' dir='ltr'>adeo</span> <span class='ocrx_word' id='word_1_83' title='bbox 582 1039 653 1077; x_wconf 91' lang='lat' dir='ltr'>pro</span> <span class='ocrx_word' id='word_1_84' title='bbox 684 1036 867 1077; x_wconf 90' lang='lat' dir='ltr'>tempore</span> <span class='ocrx_word' id='word_1_85' title='bbox 901 1025 976 1063; x_wconf 88' lang='lat' dir='ltr'>hoc</span> <span class='ocrx_word' id='word_1_86' title='bbox 1008 1035 1097 1063; x_wconf 87' lang='lat' dir='ltr'>tum</span> <span class='ocrx_word' id='word_1_87' title='bbox 1131 1024 1349 1076; x_wconf 77' lang='lat' dir='ltr'>praestitisti</span> <span class='ocrx_word' id='word_1_88' title='bbox 1382 1024 1488 1064; x_wconf 88' lang='lat' dir='ltr'>satis.</span> 
     </span>
     <span class='ocr_line' id='line_1_21' title="bbox 266 1081 1555 1135; baseline -0.001 -13"><span class='ocrx_word' id='word_1_89' title='bbox 266 1083 429 1123; x_wconf 84' lang='lat' dir='ltr'>Adduci</span> <span class='ocrx_word' id='word_1_90' title='bbox 452 1094 589 1122; x_wconf 89' lang='lat' dir='ltr'>tamen</span> <span class='ocrx_word' id='word_1_91' title='bbox 613 1093 654 1122; x_wconf 86' lang='lat' dir='ltr'>vt</span> <span class='ocrx_word' id='word_1_92' title='bbox 676 1083 837 1122; x_wconf 89' lang='lat' dir='ltr'>credam</span> <span class='ocrx_word' id='word_1_93' title='bbox 859 1096 1019 1134; x_wconf 88' lang='lat' dir='ltr'>nequeo</span> <span class='ocrx_word' id='word_1_94' title='bbox 1041 1082 1265 1135; x_wconf 84' lang='lat' dir='ltr'>quidquam</span> <span class='ocrx_word' id='word_1_95' title='bbox 1289 1081 1456 1122; x_wconf 85' lang='lat' dir='ltr'>fallaciae</span> <span class='ocrx_word' id='word_1_96' title='bbox 1539 1101 1555 1131; x_wconf 85' lang='lat'>5</span> 
     </span>
     <span class='ocr_line' id='line_1_22' title="bbox 262 1139 1422 1191; baseline -0.002 -11"><span class='ocrx_word' id='word_1_97' title='bbox 262 1140 374 1180; x_wconf 85' lang='lat' dir='ltr'>Illius</span> <span class='ocrx_word' id='word_1_98' title='bbox 405 1142 563 1180; x_wconf 82' lang='lat' dir='ltr'>subesse</span> <span class='ocrx_word' id='word_1_99' title='bbox 595 1140 722 1180; x_wconf 83' lang='lat' dir='ltr'>dictis.</span> <span class='ocrx_word' id='word_1_100' title='bbox 784 1139 953 1180; x_wconf 87' lang='lat' dir='ltr'>Etenim</span> <span class='ocrx_word' id='word_1_101' title='bbox 985 1141 1132 1191; x_wconf 89' lang='lat' dir='ltr'>probus</span> <span class='ocrx_word' id='word_1_102' title='bbox 1162 1139 1321 1179; x_wconf 87' lang='lat' dir='ltr'>videtur</span> <span class='ocrx_word' id='word_1_103' title='bbox 1351 1140 1422 1179; x_wconf 92' lang='lat' dir='ltr'>vir.</span> 
     </span>
     <span class='ocr_line' id='line_1_23' title="bbox 265 1197 1557 1250; baseline -0.002 -12"><span class='ocrx_word' id='word_1_104' title='bbox 265 1198 357 1238; x_wconf 91' lang='lat' dir='ltr'>Imo</span> <span class='ocrx_word' id='word_1_105' title='bbox 387 1198 498 1250; x_wconf 85' lang='lat' dir='ltr'>cupit</span> <span class='ocrx_word' id='word_1_106' title='bbox 530 1212 569 1237; x_wconf 92' lang='lat' dir='ltr'>se</span> <span class='ocrx_word' id='word_1_107' title='bbox 601 1197 725 1237; x_wconf 88' lang='lat' dir='ltr'>videri</span> <span class='ocrx_word' id='word_1_108' title='bbox 758 1212 887 1250; x_wconf 89' lang='lat' dir='ltr'>eoque</span> <span class='ocrx_word' id='word_1_109' title='bbox 918 1197 1087 1236; x_wconf 88' lang='lat' dir='ltr'>nomine</span> <span class='ocrx_word' id='word_1_110' title='bbox 1118 1208 1324 1249; x_wconf 86' lang='lat' dir='ltr'>suspectus</span> <span class='ocrx_word' id='word_1_111' title='bbox 1355 1207 1414 1237; x_wconf 90' lang='lat' dir='ltr'>est</span> <span class='ocrx_word' id='word_1_112' title='bbox 1443 1197 1557 1237; x_wconf 88' lang='lat' dir='ltr'>mihi.</span> 
     </span>
     <span class='ocr_line' id='line_1_24' title="bbox 267 1254 1557 1308; baseline -0.002 -12"><span class='ocrx_word' id='word_1_113' title='bbox 267 1255 409 1302; x_wconf 88' lang='lat' dir='ltr'>Quam</span> <span class='ocrx_word' id='word_1_114' title='bbox 431 1256 545 1308; x_wconf 80' lang='lat' dir='ltr'>pauci</span> <span class='ocrx_word' id='word_1_115' title='bbox 571 1255 799 1295; x_wconf 91' lang='lat' dir='ltr'>huiusmodi</span> <span class='ocrx_word' id='word_1_116' title='bbox 823 1255 877 1294; x_wconf 86' lang='lat' dir='ltr'>ita</span> <span class='ocrx_word' id='word_1_117' title='bbox 898 1269 1009 1294; x_wconf 86' lang='lat' dir='ltr'>nunc</span> <span class='ocrx_word' id='word_1_118' title='bbox 1031 1265 1139 1305; x_wconf 85' lang='lat' dir='ltr'>sunt,</span> <span class='ocrx_word' id='word_1_119' title='bbox 1162 1265 1204 1294; x_wconf 90' lang='lat' dir='ltr'>vt</span> <span class='ocrx_word' id='word_1_120' title='bbox 1229 1269 1311 1307; x_wconf 88' lang='lat' dir='ltr'>prae</span> <span class='ocrx_word' id='word_1_121' title='bbox 1335 1269 1375 1294; x_wconf 89' lang='lat' dir='ltr'>se</span> <span class='ocrx_word' id='word_1_122' title='bbox 1396 1254 1557 1295; x_wconf 90' lang='lat' dir='ltr'>vultum</span> 
     </span>
     <span class='ocr_line' id='line_1_25' title="bbox 381 1310 541 1352; baseline 0 0"><span class='ocrx_word' id='word_1_123' title='bbox 381 1314 512 1352; x_wconf 86' lang='lat' dir='ltr'>ferant</span> <span class='ocrx_word' id='word_1_124' title='bbox 534 1310 541 1352; x_wconf 84' lang='lat' dir='ltr'>l</span> 
     </span>
    </p>

    <p class='ocr_par' dir='ltr' id='par_1_15' title="bbox 262 1369 1556 1469">
     <span class='ocr_line' id='line_1_26' title="bbox 268 1369 1556 1423; baseline 0.001 -13"><span class='ocrx_word' id='word_1_125' title='bbox 268 1371 430 1410; x_wconf 87' lang='lat' dir='ltr'>Aureus</span> <span class='ocrx_word' id='word_1_126' title='bbox 452 1370 609 1410; x_wconf 88' lang='lat' dir='ltr'>videtur</span> <span class='ocrx_word' id='word_1_127' title='bbox 630 1369 809 1423; x_wconf 89' lang='lat' dir='ltr'>quidem,</span> <span class='ocrx_word' id='word_1_128' title='bbox 831 1380 872 1409; x_wconf 83' lang='lat' dir='ltr'>at</span> <span class='ocrx_word' id='word_1_129' title='bbox 904 1384 979 1423; x_wconf 83' lang='lat' dir='ltr'>ego</span> <span class='ocrx_word' id='word_1_130' title='bbox 1007 1369 1139 1409; x_wconf 91' lang='lat' dir='ltr'>solum</span> <span class='ocrx_word' id='word_1_131' title='bbox 1171 1369 1410 1410; x_wconf 88' lang='lat' dir='ltr'>deauratum</span> <span class='ocrx_word' id='word_1_132' title='bbox 1442 1380 1556 1423; x_wconf 89' lang='lat' dir='ltr'>puto.</span> 
     </span>
     <span class='ocr_line' id='line_1_27' title="bbox 262 1427 912 1469; baseline -0.005 0"><span class='ocrx_word' id='word_1_133' title='bbox 262 1428 312 1469; x_wconf 91' lang='lat' dir='ltr'>In</span> <span class='ocrx_word' id='word_1_134' title='bbox 345 1443 425 1468; x_wconf 82' lang='lat' dir='ltr'>aere</span> <span class='ocrx_word' id='word_1_135' title='bbox 456 1438 529 1468; x_wconf 91' lang='lat' dir='ltr'>tuo</span> <span class='ocrx_word' id='word_1_136' title='bbox 559 1442 642 1467; x_wconf 92' lang='lat' dir='ltr'>non</span> <span class='ocrx_word' id='word_1_137' title='bbox 675 1438 733 1467; x_wconf 84' lang='lat' dir='ltr'>est</span> <span class='ocrx_word' id='word_1_138' title='bbox 765 1427 912 1467; x_wconf 89' lang='lat' dir='ltr'>hercle.</span> 
     </span>
    </p>

    <p class='ocr_par' dir='ltr' id='par_1_16' title="bbox 264 1483 1560 1656">
     <span class='ocr_line' id='line_1_28' title="bbox 677 1483 1560 1538; baseline 0.003 -14"><span class='ocrx_word' id='word_1_139' title='bbox 677 1485 843 1525; x_wconf 87' lang='lat' dir='ltr'>Nollem</span> <span class='ocrx_word' id='word_1_140' title='bbox 866 1485 1046 1538; x_wconf 90' lang='lat' dir='ltr'>quidem,</span> <span class='ocrx_word' id='word_1_141' title='bbox 1070 1500 1121 1524; x_wconf 90' lang='lat' dir='ltr'>ne</span> <span class='ocrx_word' id='word_1_142' title='bbox 1142 1483 1267 1525; x_wconf 89' lang='lat' dir='ltr'>fidem</span> <span class='ocrx_word' id='word_1_143' title='bbox 1290 1484 1456 1537; x_wconf 87' lang='lat' dir='ltr'>falleret,</span> <span class='ocrx_word' id='word_1_144' title='bbox 1521 1505 1560 1527; x_wconf 92' lang='lat'>10</span> 
     </span>
     <span class='ocr_line' id='line_1_29' title="bbox 268 1543 1559 1596; baseline 0 -13"><span class='ocrx_word' id='word_1_145' title='bbox 268 1543 353 1591; x_wconf 88' lang='lat' dir='ltr'>Qui</span> <span class='ocrx_word' id='word_1_146' title='bbox 369 1545 491 1583; x_wconf 82' lang='lat' dir='ltr'>etiam</span> <span class='ocrx_word' id='word_1_147' title='bbox 506 1558 617 1583; x_wconf 90' lang='lat' dir='ltr'>nunc</span> <span class='ocrx_word' id='word_1_148' title='bbox 633 1543 893 1583; x_wconf 89' lang='lat' dir='ltr'>Comoediam</span> <span class='ocrx_word' id='word_1_149' title='bbox 909 1553 1070 1596; x_wconf 88' lang='lat' dir='ltr'>propter</span> <span class='ocrx_word' id='word_1_150' title='bbox 1085 1544 1183 1582; x_wconf 90' lang='lat' dir='ltr'>mihi</span> <span class='ocrx_word' id='word_1_151' title='bbox 1200 1543 1408 1582; x_wconf 88' lang='lat' dir='ltr'>insidiatur</span> <span class='ocrx_word' id='word_1_152' title='bbox 1425 1543 1559 1583; x_wconf 86' lang='lat' dir='ltr'>credo.</span> 
     </span>
     <span class='ocr_line' id='line_1_30' title="bbox 264 1600 1559 1656; baseline -0.001 -15"><span class='ocrx_word' id='word_1_153' title='bbox 264 1602 394 1655; x_wconf 90' lang='lat' dir='ltr'>Atqui</span> <span class='ocrx_word' id='word_1_154' title='bbox 427 1600 492 1653; x_wconf 92' lang='lat' dir='ltr'>pol</span> <span class='ocrx_word' id='word_1_155' title='bbox 525 1612 664 1640; x_wconf 84' lang='lat' dir='ltr'>actum</span> <span class='ocrx_word' id='word_1_156' title='bbox 700 1611 791 1656; x_wconf 83' lang='lat' dir='ltr'>aget</span> <span class='ocrx_word' id='word_1_157' title='bbox 827 1601 901 1640; x_wconf 89' lang='lat' dir='ltr'>nisi</span> <span class='ocrx_word' id='word_1_158' title='bbox 934 1610 993 1652; x_wconf 87' lang='lat' dir='ltr'>tu,</span> <span class='ocrx_word' id='word_1_159' title='bbox 1025 1600 1250 1654; x_wconf 82' lang='lat' dir='ltr'>Judieium‚</span> <span class='ocrx_word' id='word_1_160' title='bbox 1287 1615 1421 1640; x_wconf 87' lang='lat' dir='ltr'>rursus</span> <span class='ocrx_word' id='word_1_161' title='bbox 1457 1601 1559 1640; x_wconf 91' lang='lat' dir='ltr'>forte</span> 
     </span>
    </p>

    <p class='ocr_par' dir='ltr' id='par_1_17' title="bbox 380 1660 561 1698">
     <span class='ocr_line' id='line_1_31' title="bbox 380 1660 561 1698; baseline 0 0"><span class='ocrx_word' id='word_1_162' title='bbox 380 1660 561 1698; x_wconf 84' lang='lat' dir='ltr'>fluctues.</span> 
     </span>
    </p>

    <p class='ocr_par' dir='ltr' id='par_1_18' title="bbox 265 1716 1562 2173">
     <span class='ocr_line' id='line_1_32' title="bbox 267 1716 1312 1769; baseline -0.001 -12"><span class='ocrx_word' id='word_1_163' title='bbox 267 1717 337 1757; x_wconf 88' lang='lat' dir='ltr'>Ah</span> <span class='ocrx_word' id='word_1_164' title='bbox 370 1716 452 1756; x_wconf 90' lang='lat' dir='ltr'>noli</span> <span class='ocrx_word' id='word_1_165' title='bbox 487 1718 563 1756; x_wconf 88' lang='lat' dir='ltr'>hoc</span> <span class='ocrx_word' id='word_1_166' title='bbox 596 1716 707 1756; x_wconf 87' lang='lat' dir='ltr'>vlcus</span> <span class='ocrx_word' id='word_1_167' title='bbox 738 1727 915 1769; x_wconf 83' lang='lat' dir='ltr'>tangere.</span> <span class='ocrx_word' id='word_1_168' title='bbox 979 1716 1139 1768; x_wconf 85' lang='lat' dir='ltr'>peccavi</span> <span class='ocrx_word' id='word_1_169' title='bbox 1173 1716 1312 1756; x_wconf 86' lang='lat' dir='ltr'>fateor.</span> 
     </span>
     <span class='ocr_line' id='line_1_33' title="bbox 265 1773 1540 1828; baseline -0.001 -14"><span class='ocrx_word' id='word_1_170' title='bbox 265 1775 405 1828; x_wconf 89' lang='lat' dir='ltr'>Atque</span> <span class='ocrx_word' id='word_1_171' title='bbox 436 1774 536 1813; x_wconf 88' lang='lat' dir='ltr'>adeo</span> <span class='ocrx_word' id='word_1_172' title='bbox 561 1775 717 1813; x_wconf 79' lang='lat' dir='ltr'>vtinam</span> <span class='ocrx_word' id='word_1_173' title='bbox 749 1773 885 1813; x_wconf 87' lang='lat' dir='ltr'>Fucus</span> <span class='ocrx_word' id='word_1_174' title='bbox 915 1774 1015 1812; x_wconf 83' lang='lat' dir='ltr'>mihi</span> <span class='ocrx_word' id='word_1_175' title='bbox 1045 1788 1157 1813; x_wconf 87' lang='lat' dir='ltr'>nunc</span> <span class='ocrx_word' id='word_1_176' title='bbox 1188 1773 1351 1813; x_wconf 86' lang='lat' dir='ltr'>daretur</span> <span class='ocrx_word' id='word_1_177' title='bbox 1379 1773 1540 1814; x_wconf 82' lang='lat' dir='ltr'>obviam</span> 
     </span>
     <span class='ocr_line' id='line_1_34' title="bbox 266 1830 1559 1884; baseline 0 -12"><span class='ocrx_word' id='word_1_178' title='bbox 266 1832 326 1872; x_wconf 92' lang='lat' dir='ltr'>Vt</span> <span class='ocrx_word' id='word_1_179' title='bbox 356 1831 474 1871; x_wconf 90' lang='lat' dir='ltr'>altius</span> <span class='ocrx_word' id='word_1_180' title='bbox 504 1831 623 1884; x_wconf 87' lang='lat' dir='ltr'>paulo</span> <span class='ocrx_word' id='word_1_181' title='bbox 656 1832 696 1870; x_wconf 92' lang='lat' dir='ltr'>in</span> <span class='ocrx_word' id='word_1_182' title='bbox 729 1830 832 1871; x_wconf 91' lang='lat' dir='ltr'>illius</span> <span class='ocrx_word' id='word_1_183' title='bbox 863 1842 1116 1883; x_wconf 89' lang='lat' dir='ltr'>penetrarem</span> <span class='ocrx_word' id='word_1_184' title='bbox 1147 1832 1333 1870; x_wconf 87' lang='lat' dir='ltr'>animum</span> <span class='ocrx_word' id='word_1_185' title='bbox 1523 1850 1559 1881; x_wconf 91' lang='lat'>15</span> 
     </span>
     <span class='ocr_line' id='line_1_35' title="bbox 267 1887 1327 1942; baseline -0.002 -13"><span class='ocrx_word' id='word_1_186' title='bbox 267 1889 324 1929; x_wconf 85' lang='lat' dir='ltr'>Et</span> <span class='ocrx_word' id='word_1_187' title='bbox 354 1899 397 1930; x_wconf 89' lang='lat' dir='ltr'>vt</span> <span class='ocrx_word' id='word_1_188' title='bbox 426 1889 524 1942; x_wconf 91' lang='lat' dir='ltr'>quid</span> <span class='ocrx_word' id='word_1_189' title='bbox 556 1889 732 1928; x_wconf 91' lang='lat' dir='ltr'>hominis</span> <span class='ocrx_word' id='word_1_190' title='bbox 762 1890 812 1929; x_wconf 92' lang='lat' dir='ltr'>sit</span> <span class='ocrx_word' id='word_1_191' title='bbox 843 1888 1000 1942; x_wconf 88' lang='lat' dir='ltr'>planius</span> <span class='ocrx_word' id='word_1_192' title='bbox 1031 1887 1327 1941; x_wconf 87' lang='lat' dir='ltr'>perspicerem!</span> 
     </span>
     <span class='ocr_line' id='line_1_36' title="bbox 268 1945 1355 2000; baseline -0.001 -14"><span class='ocrx_word' id='word_1_193' title='bbox 268 1947 395 1998; x_wconf 85' lang='lat' dir='ltr'>Alias,</span> <span class='ocrx_word' id='word_1_194' title='bbox 427 1946 650 2000; x_wconf 89' lang='lat' dir='ltr'>Judieium‚</span> <span class='ocrx_word' id='word_1_195' title='bbox 683 1945 753 1986; x_wconf 87' lang='lat' dir='ltr'>fiet</span> <span class='ocrx_word' id='word_1_196' title='bbox 784 1947 861 1986; x_wconf 91' lang='lat' dir='ltr'>hoc</span> <span class='ocrx_word' id='word_1_197' title='bbox 893 1947 1184 1986; x_wconf 87' lang='lat' dir='ltr'>convenienter</span> <span class='ocrx_word' id='word_1_198' title='bbox 1214 1947 1355 2000; x_wconf 82' lang='lat' dir='ltr'>magis.</span> 
     </span>
     <span class='ocr_line' id='line_1_37' title="bbox 268 2004 1318 2057; baseline -0.001 -13"><span class='ocrx_word' id='word_1_199' title='bbox 268 2004 419 2044; x_wconf 88' lang='lat' dir='ltr'>Filium</span> <span class='ocrx_word' id='word_1_200' title='bbox 453 2004 573 2044; x_wconf 84' lang='lat' dir='ltr'>satius</span> <span class='ocrx_word' id='word_1_201' title='bbox 604 2014 661 2044; x_wconf 88' lang='lat' dir='ltr'>est</span> <span class='ocrx_word' id='word_1_202' title='bbox 693 2015 879 2044; x_wconf 84' lang='lat' dir='ltr'>actutum</span> <span class='ocrx_word' id='word_1_203' title='bbox 912 2015 954 2044; x_wconf 86' lang='lat' dir='ltr'>vt</span> <span class='ocrx_word' id='word_1_204' title='bbox 985 2005 1168 2057; x_wconf 86' lang='lat' dir='ltr'>exquiras</span> <span class='ocrx_word' id='word_1_205' title='bbox 1198 2015 1318 2043; x_wconf 92' lang='lat' dir='ltr'>tuum</span> 
     </span>
     <span class='ocr_line' id='line_1_38' title="bbox 268 2061 1562 2102; baseline 0.001 -1"><span class='ocrx_word' id='word_1_206' title='bbox 268 2062 327 2102; x_wconf 89' lang='lat' dir='ltr'>Vt</span> <span class='ocrx_word' id='word_1_207' title='bbox 356 2062 404 2101; x_wconf 89' lang='lat' dir='ltr'>de</span> <span class='ocrx_word' id='word_1_208' title='bbox 433 2072 591 2101; x_wconf 89' lang='lat' dir='ltr'>mutato</span> <span class='ocrx_word' id='word_1_209' title='bbox 620 2076 731 2101; x_wconf 87' lang='lat' dir='ltr'>nunc</span> <span class='ocrx_word' id='word_1_210' title='bbox 759 2063 898 2101; x_wconf 91' lang='lat' dir='ltr'>animo</span> <span class='ocrx_word' id='word_1_211' title='bbox 920 2073 991 2102; x_wconf 91' lang='lat' dir='ltr'>tuo</span> <span class='ocrx_word' id='word_1_212' title='bbox 1013 2072 1172 2102; x_wconf 88' lang='lat' dir='ltr'>certum</span> <span class='ocrx_word' id='word_1_213' title='bbox 1201 2062 1415 2101; x_wconf 85' lang='lat' dir='ltr'>hominem</span> <span class='ocrx_word' id='word_1_214' title='bbox 1442 2061 1562 2102; x_wconf 84' lang='lat' dir='ltr'>facias</span> 
     </span>
     <span class='ocr_line' id='line_1_39' title="bbox 267 2119 1562 2173; baseline 0.002 -14"><span class='ocrx_word' id='word_1_215' title='bbox 267 2121 407 2173; x_wconf 87' lang='lat' dir='ltr'>Atque</span> <span class='ocrx_word' id='word_1_216' title='bbox 439 2134 489 2159; x_wconf 85' lang='lat' dir='ltr'>ex</span> <span class='ocrx_word' id='word_1_217' title='bbox 519 2121 657 2159; x_wconf 86' lang='lat' dir='ltr'>animo</span> <span class='ocrx_word' id='word_1_218' title='bbox 689 2120 873 2159; x_wconf 87' lang='lat' dir='ltr'>moeroris</span> <span class='ocrx_word' id='word_1_219' title='bbox 906 2119 1083 2159; x_wconf 78' lang='lat' dir='ltr'>maculas</span> <span class='ocrx_word' id='word_1_220' title='bbox 1115 2134 1258 2159; x_wconf 91' lang='lat' dir='ltr'>omnes</span> <span class='ocrx_word' id='word_1_221' title='bbox 1288 2120 1452 2160; x_wconf 87' lang='lat' dir='ltr'>eximas.</span> <span class='ocrx_word' id='word_1_222' title='bbox 1520 2140 1562 2161; x_wconf 80' lang='lat'>20</span> 
     </span>
    </p>
   </div>
  </div>
 </body>
</html>
