1731 2360
141 133 205 185 28

138 261 175 301 F
174 277 229 303 uc.

137 433 222 486 Ign.

139 548 229 589 Fuc.

139 606 225 659 Ign.

141 720 178 761 F
178 737 231 762 uc.

139 894 226 946 Ign.

142 1008 230 1049 Fuc.

139 1125 164 1164 I
159 1139 224 1177 gn.

142 1182 178 1222 F
177 1198 230 1223 uc.

139 1413 164 1453 I
159 1427 224 1466 gn.

139 1470 177 1510 F
176 1487 229 1512 uc.

143 1585 226 1639 Ign.

141 1701 178 1741 F
177 1717 229 1742 uc.

141 1817 226 1869 Ign.

142 1874 230 1915 Fue.

141 1932 226 1985 Ign.

750 135 997 185 FUCUS
1267 143 1394 196 [Aer.
1419 154 1458 195 2,
1481 143 1542 184 Sc.
1562 147 1606 184 2²

313 262 411 302 Non
440 277 546 302 sane.
608 278 704 302 narn
727 278 778 303 ne
808 262 1030 318 Ingenium
1057 273 1096 302 et
1117 262 1327 316 Judicium
1361 263 1402 302 in
1431 263 1603 318 gratiam

429 320 593 360 redeant
1566 338 1608 370 50

313 376 448 417 Cauto
479 392 579 430 opus
610 388 680 418 est.

691 435 810 475 Vah:
854 435 952 488 quid
983 436 1012 475 si
1044 435 1256 489 Judicium
1290 450 1422 476 rursus
1457 435 1506 475 ad
1537 435 1608 476 In-

429 493 596 546 genium
629 491 793 532 redeat?

313 548 490 589 Techna
521 561 620 590 tunc
651 550 728 590 alia
758 550 1025 604 excogitanda
1055 561 1126 590 est.

1178 607 1246 648 Sat
1276 608 1351 648 erit
1383 608 1587 660 temporis.

313 663 434 705 Proin
466 665 602 705 Iacchi
634 665 935 718 aliquantillum
968 667 1122 705 interea
1152 665 1229 705 loci
1262 665 1357 706 licet
1387 679 1536 719 sapere.

314 721 372 774 O,
419 722 597 777 Ignavia,
642 723 744 762 istuc
787 734 846 763 est
891 738 1025 776 sapere
1068 738 1151 763 non
1195 723 1304 777 quod
1349 733 1443 763 ante
1488 722 1607 776 pedes

429 780 552 820 modo
582 791 640 820 est

312 837 477 890 Videre,
509 838 575 877 sed
607 838 730 877 etiarn
764 838 830 878 illa
860 853 953 892 quae
988 839 1123 878 futura
1153 848 1247 878 sunt
1280 839 1517 891 prospicere.
1568 856 1606 888 55

315 895 457 935 facete.
521 896 598 935 hoc
629 905 767 935 autem
800 897 864 935 vbi
898 896 1152 948 praevorteris

313 966 451 992 annon
484 963 585 992 tunc
617 951 815 992 Iacchum
846 952 1004 1005 sapies?

1044 1011 1213 1050 verbum
1245 1011 1414 1064 sapienti
1447 1021 1507 1051 sat
1535 1021 1607 1051 est.

313 1067 389 1108 Sed
421 1068 528 1107 aedes
558 1083 581 1108 a
610 1067 774 1121 Judicio
806 1082 1010 1120 crepuere.

1037 1125 1136 1172 Quo
1168 1135 1208 1165 te
1239 1125 1351 1181 agis?

312 1181 588 1223 Philomathes
621 1193 692 1235 est,
725 1183 847 1223 tristis
878 1182 1010 1223 hercle
1042 1183 1201 1223 videtur
1231 1183 1466 1223 admodum.

312 1239 479 1293 Nempe
517 1241 565 1281 de
606 1242 683 1280 hoc
720 1251 777 1280 est
813 1241 920 1294 quod
959 1241 1080 1293 patris
1115 1241 1302 1281 animum
1342 1242 1608 1281 immutatum

427 1298 536 1338 videt

312 1366 355 1395 vt
379 1356 459 1395 iam
484 1370 565 1395 non
590 1356 695 1395 sinat
718 1356 836 1396 toties
857 1357 1038 1409 cupitam
1061 1355 1323 1397 Comoediam
1346 1356 1506 1397 ducere.
1566 1365 1605 1398 61

311 1413 419 1453 salva
448 1428 539 1453 sum
572 1414 736 1465 interea,
770 1414 825 1453 mi
859 1414 983 1466 Fuce,
1015 1414 1136 1467 opera
1167 1415 1248 1454 tua.

311 1470 385 1511 Tu
403 1472 483 1511 iam
506 1471 716 1510 hominem
734 1471 888 1511 adorire
906 1472 1070 1524 optimis
1086 1472 1232 1525 quibus
1253 1482 1365 1525 potes
1389 1471 1606 1527 blanditijs.

313 1529 374 1569 his
406 1529 508 1568 forte
540 1528 716 1581 pellicias
746 1529 830 1568 eius
860 1540 902 1568 vt
934 1530 975 1568 in
1007 1539 1047 1569 te
1080 1540 1257 1569 recurrat
1287 1544 1414 1570 amor.

316 1585 530 1626 Mehercle
552 1601 711 1640 nequeo
734 1601 799 1626 me
821 1587 1031 1627 continere
1053 1587 1154 1640 quin
1176 1597 1295 1627 tuum
1317 1587 1525 1628 exosculer
1566 1597 1606 1638 65

316 1643 563 1685 Consilium.

595 1701 668 1743 Oh
699 1716 824 1755 apage
854 1716 978 1755 apage
1009 1701 1146 1742 oscula
1177 1703 1218 1742 in
1251 1702 1425 1755 publico.

317 1758 568 1799 Differamus
600 1760 691 1799 haec
722 1759 821 1799 dum
853 1760 1144 1800 conveniamus
1175 1759 1423 1801 clanculum.

317 1816 521 1873 Intelligo,
554 1831 651 1857 mox
682 1817 757 1856 eris
786 1817 893 1870 apud
924 1832 1003 1857 me.

1004 1890 1056 1914 ne
1088 1875 1257 1927 dubites,
1289 1874 1390 1916 vale.
1494 1875 1613 1930 [Exit

315 1931 430 1979 Quid
462 1947 574 1972 nunc
606 1932 785 1985 primum
817 1930 965 1987 agam?
1008 1932 1232 1973 Cantiones

315 1989 381 2043 pol
414 1989 612 2030 illecebrae
645 1990 874 2030 amantium
905 1990 1087 2043 optimae.
1569 2008 1610 2042 70

316 2048 391 2088 hac
423 2048 601 2101 primum
633 2047 823 2100 experiar.
