1731 2360
104 152 215 193 AcT.
241 164 280 204 2,
303 152 365 194 se.
390 151 453 206 6³]
535 145 1160 196 HISTRIOMASTIX
1506 164 1572 216 37

103 329 141 369 F
140 345 193 369 uc.

105 386 143 428 V
142 387 182 426 il.

100 501 189 541 Fuc.

103 558 207 599 Hir.

103 732 141 774 V
140 732 181 772 il.

100 789 188 830 Fuc.

100 904 141 946 V
137 904 178 946 il.

98 1020 135 1060 F
134 1036 186 1060 uc.

97 1135 190 1176 Bal.

97 1192 185 1232 Fue.

96 1249 188 1290 Bal.

97 1307 186 1348 Fuc.

97 1364 190 1405 Bal.

97 1480 185 1521 Fuc.

96 1595 137 1637 V
134 1595 174 1636 il.

95 1653 183 1693 Fue.

94 1710 187 1750 Bal.

94 1768 183 1809 Fuc.

97 1882 137 1925 V
134 1883 174 1923 il.

94 2055 182 2096 Fuc.

96 2112 176 2154 Vil.

276 271 496 326 Postquam
528 288 578 313 ex
609 273 733 325 cippis
764 283 940 313 evaserat
971 283 1160 325 acceptus
1190 273 1314 313 loris?
1557 255 1576 276 ᾗ

275 329 330 371 Et
352 331 429 370 hoc
452 345 593 370 verum
615 341 686 370 est.
724 330 882 383 negabo
900 340 1051 381 tamen,
1070 345 1271 383 nusquam
1290 332 1445 371 factum
1462 346 1568 372 sane.

279 386 467 428 Profecto
498 388 693 438 mentiris,
727 388 797 427 tibi
831 388 872 427 in
905 402 947 427 os
980 388 1084 439 dico,
1117 388 1301 428 mentiris
1331 403 1437 429 sane.

275 444 395 485 Tun’
426 459 522 499 ergo
552 445 704 485 ludicra
736 445 815 484 iam
847 446 988 498 probas
1021 445 1186 485 nostra?

1097 517 1179 543 non
1203 514 1302 544 vitio
1324 514 1437 544 verto
1459 518 1567 544 sane.

277 560 337 600 At
354 559 452 600 olim
469 574 535 600 me
551 559 741 600 audiente
756 560 973 600 damnabas
988 575 1057 613 per
1074 561 1167 600 deos
1181 570 1302 614 atque
1318 561 1479 614 insuper
1528 582 1568 613 50

275 616 467 658 Graviter
497 631 640 657 omnes
671 617 895 669 accusabas,
927 632 1028 671 quos
1058 632 1206 671 nempe
1237 633 1359 671 penes
1391 629 1476 659 erat

274 675 378 715 Haec
411 675 626 728 reprimere
657 689 731 714 nec
765 675 1035 727 reprimebant
1067 686 1218 715 tamen.

272 732 367 772 Aha
397 732 495 786 quid
527 733 741 786 respondes
772 732 875 772 iam?

900 805 1048 843 nempe
1078 790 1187 844 quod
1219 792 1338 843 prius.

272 847 365 887 Hoc
396 862 565 901 vsquam
598 847 752 888 factum
785 862 806 887 a
838 862 903 887 me
935 862 1040 902 nego
1071 848 1312 901 planissime.

268 905 329 945 At
359 905 481 945 etiarn
512 905 656 945 adduci
688 920 847 958 nequeo
878 916 920 945 vt
952 907 1023 945 tibi
1056 905 1247 946 creduam
1524 927 1562 957 55

272 963 362 1002 Nisi
395 973 440 1002 tu
470 977 550 1002 vna
581 963 792 1003 nobiscum
824 962 966 1003 saltare
998 962 1106 1004 velis.
1167 978 1239 1017 age
1272 963 1507 1006 Choraules.

268 1019 342 1062 Oh
373 1034 526 1073 quaeSO,
558 1021 677 1076 egon'
710 1031 753 1060 vt
783 1020 925 1060 saltem
959 1022 1023 1060 hic
1057 1021 1096 1060 in
1128 1021 1320 1074 publico?

270 1078 412 1131 Apage
441 1092 578 1132 apage.
640 1079 772 1117 isthuc
805 1079 911 1118 haud
943 1093 1009 1118 me
1040 1079 1156 1119 decet
1186 1094 1293 1119 sane.

272 1134 441 1186 Quaeso,
460 1136 515 1175 mi
538 1135 716 1187 domine,
739 1135 902 1190 dignare
919 1151 1083 1176 mecum
1105 1136 1167 1176 vel
1188 1137 1356 1177 vnicum
1379 1137 1561 1178 modum.

267 1192 369 1233 Sane
401 1207 497 1233 vero
529 1207 743 1246 nunquam
775 1193 894 1233 didici
926 1194 1080 1233 saltare.

1108 1266 1251 1304 parum
1284 1253 1418 1292 refert.
1522 1263 1564 1295 60

268 1307 342 1349 Oh
365 1322 430 1348 me
449 1307 686 1359 infoelicem,
704 1308 912 1361 quomodo
929 1323 995 1348 me
1017 1323 1066 1348 ex
1089 1309 1163 1349 hac
1185 1310 1304 1350 turba
1319 1311 1530 1363 expediam
1550 1310 1561 1350 ?

272 1366 365 1419 Age
395 1379 480 1419 age,
513 1365 595 1405 noli
628 1365 887 1405 verecundari
920 1376 1002 1417 aut,
1035 1367 1064 1406 si
1097 1380 1164 1406 me
1195 1367 1405 1423 indignam
1438 1378 1559 1421 putes

271 1422 466 1470 Quacum
496 1422 625 1474 saltes,
659 1424 763 1463 hanc
794 1423 915 1478 eligas
945 1424 1031 1464 tibi.

266 1481 409 1536 Apage
440 1491 480 1520 te
510 1495 532 1520 a
564 1495 642 1532 me,
676 1480 845 1521 molesta
877 1496 928 1521 ne
958 1482 1007 1522 sis
1038 1481 1152 1522 mihi.

266 1537 425 1592 Viginti
459 1538 587 1578 minas
617 1539 685 1591 qui
719 1553 784 1579 me
816 1539 881 1578 hic
912 1549 1078 1592 captum
1111 1540 1339 1581 redimeret.
1519 1551 1557 1592 65

266 1595 428 1637 Omnes
458 1610 537 1635 vna
570 1596 648 1635 iam
682 1597 892 1636 hominem
923 1598 1233 1652 circumgyrate.

263 1653 441 1709 Apagite
472 1654 581 1704 hinc,
614 1653 745 1706 furiae,
777 1653 874 1707 quid
906 1654 972 1694 hic
1003 1655 1074 1694 sibi
1108 1654 1194 1695 vult
1227 1655 1430 1709 impetus?

264 1710 379 1758 Quid
410 1711 530 1751 tristis
561 1725 614 1762 es,
646 1712 705 1751 vir
737 1711 1001 1765 dignissime?

1010 1771 1128 1811 mitte
1159 1785 1224 1810 me
1255 1770 1431 1812 obsecro.

268 1825 341 1868 Oh
373 1840 568 1880 quaenam
598 1836 657 1867 est
689 1827 780 1866 haec
811 1826 999 1867 miseria?

1043 1896 1085 1925 vt
1118 1886 1341 1927 desudascit
1373 1885 1520 1928 miser!

270 1941 373 1996 Age,
406 1942 553 1994 inepte,
586 1941 740 1982 nihilne
772 1952 812 1982 te
844 1942 1015 1983 foemina
1046 1943 1222 1984 formosa
1252 1944 1420 1985 movet?
1520 1964 1558 1995 70

267 1997 441 2039 Mecum
471 2013 567 2053 ergo
598 1999 786 2040 saltabis?
826 2015 898 2056 age
931 2000 1168 2041 Choraules.

263 2071 332 2109 per
363 2072 438 2112 ego
469 2066 582 2097 tuam
613 2058 807 2097 virtutem
840 2068 879 2097 te
911 2073 994 2110 oro,
1028 2073 1093 2099 me
1126 2060 1263 2100 mittas
1293 2060 1427 2101 modo.

269 2114 385 2154 Nihil
406 2113 539 2155 audio.
591 2114 751 2155 saltabis
766 2130 836 2169 per
852 2115 958 2157 deos.
1019 2130 1106 2170 age,
1124 2118 1398 2172 nequicquam
1418 2133 1469 2160 ne
1486 2120 1556 2160 vis.
