1731 2360
94 138 203 179 AcT.
232 151 266 191 1,
289 138 352 179 Sc.
381 139 438 192 1³]
517 132 1139 183 HISTRIOMASTIX
1526 151 1559 202 7

96 261 186 302 Cor.

1086 261 1400 313 Immanissime‚

263 319 354 359 Nec
376 319 512 359 minus
532 333 605 372 pro
628 318 776 359 illicitis
797 318 918 359 habet
946 333 1070 372 quam
1103 318 1369 359 ruricolarum
1392 319 1558 360 ludicra.

267 377 550 430 Nunquamne
580 376 628 416 ad
660 391 774 416 aures
805 376 918 416 sodes
949 377 1200 429 permanavit
1232 387 1320 417 tuas
1516 398 1554 426 41

264 434 386 475 Istius
406 434 553 474 fabulae
577 448 730 474 nornen
752 448 877 487 quam
900 433 965 474 ille
986 434 1052 474 hic
1077 435 1352 487 supprimebat
1373 434 1529 474 dudum
1547 434 1560 475 ?

268 491 418 532 Hercle
448 506 542 531 vero
572 492 639 531 vbi
670 506 835 532 mecum
867 492 1002 545 cogito
1033 492 1145 545 quasi
1176 506 1245 545 per
1278 491 1468 531 nebulam

264 548 376 590 Istuc
406 564 472 589 me
499 550 653 589 audisse
681 549 867 590 memini.
918 550 1030 603 atqui
1061 549 1126 589 ille
1156 550 1234 590 hoc
1262 549 1368 590 solus
1396 549 1560 603 potuit?

262 606 354 647 Imo
384 607 585 647 adiutores
617 607 759 647 habuit
789 607 860 661 (vti
893 607 1046 661 ferunt)
1078 617 1275 648 strenuos.
1517 627 1557 657 45

265 664 384 711 Quos
414 664 611 705 tandem?

620 721 669 762 In
700 737 841 763 aurem
872 722 944 762 tibi
977 722 1129 763 dixero.

262 778 349 826 Qui
381 790 426 820 tu
460 781 537 820 hoc
567 779 671 820 scis?

692 837 774 890 ipse
805 839 989 878 narrabat
1020 838 1134 878 mihi.

265 894 372 942 Quis
402 894 612 936 crederet?
653 896 804 935 mirum
836 910 931 936 vero
963 896 991 936 si
1024 910 1107 935 non
1140 895 1220 935 huc
1252 906 1389 936 tecum

265 952 356 992 Hac
397 953 509 993 venit
549 952 865 1007 quadragesima,
902 964 945 993 vt
988 953 1249 994 Comoediam
1291 954 1559 1007 supprimeret

380 1010 561 1050 alteram.

266 1067 337 1108 Ne
359 1079 404 1108 tu
427 1068 601 1109 hariolus
622 1083 662 1109 es
683 1069 839 1121 opinor.

841 1141 892 1166 an
917 1126 954 1166 id
976 1141 1072 1181 ergo
1094 1142 1206 1167 nunc
1228 1127 1510 1168 machinatur?

1320 1185 1470 1226 sedulo.
1519 1205 1559 1235 50

264 1240 339 1282 Sed
371 1241 436 1281 vbi
468 1252 647 1281 vestrum
679 1251 738 1282 est
769 1241 1021 1294 hospitium?

1036 1314 1108 1339 cur
1140 1300 1176 1339 id
1210 1300 1380 1354 rogitas?

263 1356 376 1404 Quia
407 1357 502 1396 hinc
535 1371 600 1396 me
631 1371 742 1396 nunc
774 1357 965 1410 quaedam
996 1369 1170 1397 avocant
1202 1359 1378 1412 negotia,

265 1414 374 1461 Quae
407 1415 472 1454 vbi
505 1425 749 1467 praevortero
780 1426 820 1454 te
853 1415 938 1455 istic
970 1430 1153 1468 quaeram
1185 1416 1304 1456 illico.

266 1472 446 1524 Hospitis
468 1472 534 1524 pol
563 1487 716 1512 nomen
742 1473 890 1524 nescio,
912 1473 979 1513 sed
1004 1473 1159 1526 hospita
1186 1473 1406 1514 Prudentia
1431 1475 1556 1514 audit.

265 1529 393 1582 Novi,
412 1531 518 1570 novi.

451 1588 601 1627 Nostin
615 1587 733 1627 vero?
755 1603 894 1641 quaeso
916 1588 1013 1642 quid
1031 1589 1200 1629 faemina
1217 1589 1375 1629 videtur
1391 1589 1490 1630 tibi?
1517 1610 1556 1640 55

262 1644 393 1685 Frons
425 1656 533 1685 certe
564 1657 746 1686 sanctam
778 1645 970 1700 loquitur.
1523 1682 1526 1684 ,

984 1716 1023 1744 at
1056 1704 1198 1744 nullibi
1230 1716 1349 1757 poeta
1378 1706 1523 1757 verius,
1552 1711 1557 1755 ζ

263 1760 405 1801 Fronti
435 1760 548 1801 nulla
576 1760 686 1801 fides.

696 1834 791 1858 nam
823 1818 976 1872 quare?

980 1892 1116 1931 quare,
1140 1877 1283 1931 rogas?

264 1933 512 1989 Clancularij
551 1949 647 1974 cum
686 1934 800 1975 Fuco
835 1936 982 1974 susurri
1019 1935 1138 1974 aliam
1176 1935 1402 1988 loquuntur
1432 1951 1477 1977 ac
1512 1948 1558 1978 tu

378 1991 584 2045 praedicas.

262 2049 380 2097 Quos
410 2061 456 2090 tu
486 2064 664 2090 susurros
696 2049 859 2090 narras?

826 2107 1001 2148 Vidisses
1022 2109 1049 2148 si
1074 2123 1238 2149 mecum
1262 2109 1397 2149 fuisses
1418 2109 1557 2150 modo.
