1731 2360
177 150 242 203 32
783 134 1030 185 FUCUS
1297 142 1425 197 [ACT.
1449 155 1488 197 2,
1511 143 1574 185 Sc.
1596 149 1643 198 4³

171 263 260 304 Iud.
346 262 446 310 Quo
476 274 523 304 tu
552 263 722 304 autem?

171 320 256 374 Ing.
701 320 791 376 Ego
814 321 912 360 item
934 319 1166 361 Comoediae
1190 321 1284 361 novi
1307 321 1385 361 hoc
1408 322 1639 375 impertiam

345 376 534 431 Eamque
564 378 837 418 lubentiorem
867 392 992 431 quam
1024 379 1105 431 ipsa
1142 378 1322 419 lubentia
1353 389 1411 419 est
1442 379 1627 421 efficiam.

171 435 257 476 Iud.
345 435 416 476 St:
458 450 573 476 aures
602 436 788 476 alicunde
819 446 1013 488 vsurpant
1043 437 1237 476 sonitum.

171 493 258 546 Ing.
349 492 538 533 Villanus
567 494 711 546 opinor
742 503 801 533 est
831 494 1052 546 caeterique
1084 493 1283 533 ruricolae.

344 549 596 604 Choragium
613 566 653 591 se
670 565 767 590 mox
785 551 865 590 huc
881 550 1102 590 ducturum
1119 552 1250 591 aiebat
1267 552 1433 592 exeunti
1451 552 1565 592 mihi.
1597 571 1635 604 25

343 607 461 648 Intus
478 609 600 662 igitur
618 609 903 649 concedamus.
949 618 1070 662 atque
1087 623 1230 649 eccum
1250 608 1476 650 Choraules
1490 610 1635 662 prodit.

1465 667 1639 721 [Exeunt

535 827 758 874 AcTUs
810 841 852 873 2.
925 827 1161 873 SCAENA
1211 842 1252 889 ς.

170 932 389 974 Choraules.
451 933 657 974 Hirsutus.
720 933 906 974 Ballada.
961 933 1151 975 Villanus.
1206 947 1232 985 4
1258 934 1418 974 Comites
1440 935 1633 977 saltantes.

816 991 986 1032 Mimus.

168 1080 207 1122 V
206 1080 248 1121 il.
339 1080 486 1132 Sistite,
504 1079 682 1120 Balladae
706 1094 810 1119 meae
835 1080 1052 1120 fenestram
1074 1079 1272 1121 reclusam
1295 1081 1480 1122 nondum
1500 1083 1632 1124 video.

168 1138 273 1179 Com.
334 1137 444 1179 Ecce
476 1138 557 1178 iam
588 1138 757 1191 aperuit.
1367 1164 1512 1207 [‹C0me
1534 1163 1633 1211 helpe

167 1195 246 1238 Vil.
341 1195 497 1237 Roseus
529 1196 600 1236 iste
632 1194 743 1235 color
768 1195 836 1249 qui
864 1196 943 1235 tuis
969 1196 1070 1236 inest
1095 1197 1208 1250 genis
1367 1224 1422 1246 me
1469 1225 1549 1247 over
1590 1226 1634 1259 γε

337 1254 437 1293 mihi
470 1263 603 1293 certus
633 1253 746 1293 dolor
777 1253 835 1294 Sis
866 1253 965 1292 mihi
998 1254 1073 1293 nisi
1105 1253 1219 1295 lenis.
1366 1268 1525 1308 wateryu
1538 1262 1633 1309 bony

161 1311 255 1352 Bal.
337 1312 418 1363 Ha,
452 1312 532 1364 Ha,
564 1312 626 1351 he.
1368 1311 1463 1357 bony
1514 1312 1634 1348 boote-

166 1369 271 1410 Com.
631 1369 717 1421 pish
750 1369 836 1421 pish
869 1383 985 1421 parce
1017 1369 1217 1422 cantibus,
1248 1383 1321 1423 age
1366 1363 1490 1406 man.']

451 1426 688 1467 Choraules.
1454 1427 1633 1481 [Saltant

165 1484 242 1526 Vil.
336 1484 429 1525 Hei.

162 1542 254 1582 Bal.
461 1541 592 1595 Euge,
626 1542 679 1581 mi
714 1541 890 1583 Villane.

163 1599 242 1642 Vil.
333 1599 468 1641 Solam
500 1599 605 1652 volo,
637 1599 763 1639 solam
795 1600 885 1640 colo
917 1599 1126 1640 Balladam
1157 1600 1337 1641 divinam
1611 1618 1628 1651 7

334 1658 423 1698 Nec
456 1657 621 1698 rivalem
653 1657 817 1711 qualem
848 1657 1011 1711 qualem
1042 1657 1170 1698 vllum
1203 1673 1278 1713 ego
1308 1658 1452 1698 sinam.

160 1715 252 1756 Bal.
336 1715 409 1757 Oh
443 1731 509 1755 me
540 1715 717 1755 faelicem
749 1716 883 1768 nimis,
916 1730 1030 1756 meus
1062 1715 1196 1755 hercle
1229 1715 1417 1755 Villanus

334 1772 484 1813 Multis
515 1773 624 1826 quod
655 1773 769 1813 aiunt
800 1774 1025 1827 parasangis
1057 1774 1215 1814 caeteris
1245 1773 1386 1813 anteit.
1587 1794 1626 1817 10

161 1831 239 1873 Vil.
332 1831 400 1870 Ah
432 1831 530 1885 quid
561 1829 693 1870 dixit?

158 1888 260 1929 Hir.
708 1887 777 1928 Te
808 1888 1051 1929 collaudavit
1081 1888 1241 1941 oppido.

160 1947 239 1988 Vil.
331 1945 620 1987 Collaudavit?
660 1960 733 2000 age
764 1945 991 1987 Choraules
1022 1947 1169 1986 iterum
1203 1946 1364 1986 iterum.
1447 1945 1625 2001 [Saltant

157 2004 249 2044 Bal.
333 2003 520 2044 Obsecro
536 2018 619 2056 vos,
638 2004 824 2057 nunquid
842 2005 952 2044 hunc
970 2004 1163 2043 maritum
1181 2019 1265 2044 non
1284 2004 1473 2044 invidetis
1489 2005 1590 2045 mihi
1609 2004 1624 2046 ?

156 2061 270 2102 Mul.
332 2061 501 2102 Ecastor
532 2072 723 2101 venustus
747 2072 805 2101 est
831 2072 871 2101 et
894 2076 1012 2114 supra
1036 2076 1159 2115 quam
1186 2062 1263 2101 dici
1291 2071 1422 2114 potest
1451 2061 1620 2116 lepidus.

160 2120 237 2161 Vil.
329 2118 482 2173 Ecquis
512 2119 578 2159 hic
608 2118 725 2159 saltat
757 2118 843 2159 sic?
886 2134 988 2171 mea,
1022 2120 1100 2171 dic,
1132 2118 1327 2172 voluptas,
1585 2137 1621 2171 15
