1731 2360
97 161 206 202 AcT.
230 173 269 214 2,
292 161 354 202 Sc.
379 161 437 216 5³]
522 154 1147 206 HISTRIOMASTIX
1497 171 1559 223 33

271 281 412 329 Quam
445 284 535 322 haec
567 297 648 322 nox
680 292 789 322 certe
822 296 919 322 mox
951 293 1075 335 ponet
1106 282 1211 322 inter
1243 293 1400 335 nuptas.

269 340 420 405 Aspice
450 355 525 380 nec
557 340 722 380 irascere
754 339 885 380 solum
916 340 985 393 qui
1018 350 1058 379 te
1089 340 1191 392 perit

271 395 326 436 Et
348 398 421 437 nisi
444 409 489 438 tu
512 398 607 438 facis
628 412 693 437 me
716 412 768 437 ne
785 412 859 452 gru
881 407 975 437 tuus
996 411 1154 450 semper
1171 398 1259 438 erit.

1155 453 1259 509 [The
1289 455 1422 495 morris
1452 457 1567 495 dance

97 511 190 552 Bal.
271 513 354 564 Ah,
386 514 441 552 mi
476 513 650 552 nimium
682 511 826 552 dilecte
859 512 1036 562 Villane,
1067 527 1191 565 quam
1224 527 1298 567 ego
1330 523 1369 552 te
1401 511 1517 553 amo!

272 567 395 610 Parce
427 571 513 622 tibi,
546 584 662 622 parce
694 570 781 621 tibi,
813 569 949 609 anime
982 571 1052 620 mi,
1086 570 1216 622 recipe
1249 569 1490 611 anhelitum.
1524 591 1565 612 20

99 625 223 666 Mim.
277 627 388 666 Hem
420 628 599 680 domine,
632 628 687 667 mi
720 626 900 679 domine,
933 627 1227 682 benignitatem
1259 626 1403 668 tuam!

271 684 372 725 Duo
401 685 559 736 saltem,
590 699 719 725 vnum
751 699 880 724 vnum
911 684 1053 724 saltem
1087 683 1371 725 denariolum!

273 742 430 795 Macte,
449 757 718 798 congerrones
734 743 829 794 mei,
849 752 980 782 macte
1003 743 1044 781 in
1067 743 1143 782 hoc
1166 742 1329 795 pulvere
1346 743 1564 784 saltatorio.

97 799 189 840 Bal.
271 798 458 841 Obsecro
490 810 543 852 te,
576 800 631 839 mi
664 799 842 852 Villane,
874 799 936 839 vel
968 800 1132 852 respires
1164 800 1390 853 paululum.

100 857 179 899 Vil.
528 856 674 898 Pectus
703 872 840 897 amore
873 858 1015 898 misere
1047 857 1151 898 calet
1525 879 1563 910 25

528 915 692 968 Corque
724 914 941 955 formidine
973 916 1171 968 perpetim
1203 915 1303 956 salit.

96 973 188 1014 Bal.
268 972 388 1014 Eheu
409 986 524 1013 meus
545 972 747 1025 Villanus,
770 972 958 1012 Villanus
981 987 1109 1025 meus,
1132 974 1173 1012 in
1196 984 1344 1014 terram
1367 974 1550 1027 procidit.

271 1029 581 1071 Descendamus
611 1045 776 1083 propere
808 1045 988 1084 propere.

101 1088 254 1129 Com.1.
274 1087 390 1135 Quid
421 1088 526 1128 male
557 1099 595 1128 te
627 1087 775 1128 habet?
815 1088 910 1141 quid
942 1103 1026 1128 non
1058 1088 1240 1129 cantillas
1272 1088 1448 1130 iterum?

97 1144 225 1186 Mim.
278 1145 351 1187 Oh
385 1146 484 1197 sine,
517 1146 614 1186 sine.
689 1145 908 1185 meditatur
942 1145 1116 1186 fortassis
1157 1146 1237 1186 iam
1280 1161 1392 1187 nunc
1434 1148 1563 1188 canti-

386 1203 591 1244 unculam.
1523 1226 1565 1256 30

98 1259 190 1301 Bal.
272 1260 368 1301 Heu
398 1275 465 1300 me
497 1261 685 1301 miseram
717 1260 972 1301 tardiusculae
1006 1260 1158 1301 fuimus
1190 1262 1354 1314 ineptae.

270 1317 413 1359 Deum
446 1318 734 1371 immortalem,
767 1333 873 1372 aegre
905 1318 1028 1358 trahit
1058 1319 1298 1360 anhelitum.

268 1375 383 1422 Quid
414 1390 484 1416 vos
514 1376 600 1416 istic
631 1376 756 1428 statis,
782 1375 962 1429 stipites?
1002 1376 1100 1430 quid
1130 1391 1215 1416 non
1247 1377 1503 1419 succurritis?

98 1433 250 1473 Com.1.
271 1432 383 1480 Quid
417 1444 456 1473 te
489 1433 707 1486 perturbas,
740 1433 933 1474 Ballada?
975 1433 1255 1475 cantillantem
1293 1449 1389 1475 mox
1426 1435 1563 1477 audies

382 1491 542 1531 iterum.

95 1547 188 1589 Bal.
271 1549 350 1588 Hei
381 1549 496 1601 mihi,
518 1563 656 1590 vereor
688 1564 738 1589 ne
770 1549 836 1589 illa
868 1564 1019 1602 nupera
1050 1564 1206 1605 cygnea
1237 1551 1313 1590 fuit
1345 1552 1493 1592 cantio.
1520 1572 1559 1603 35

266 1607 407 1660 Atque
438 1617 484 1646 tu
515 1621 629 1647 curre
660 1607 760 1647 adeo
791 1617 831 1647 et
859 1606 1065 1647 medicum
1091 1608 1269 1661 aliquem
1297 1609 1376 1649 huc
1402 1624 1560 1651 accerse

381 1678 565 1705 numero.

95 1720 338 1762 Com.1.Eo.

91 1779 183 1820 Bal.
349 1789 471 1832 atque
502 1794 668 1833 propera
698 1781 876 1820 obsecro.

95 1837 199 1878 Com.
211 1849 249 1878 2.
266 1835 382 1883 Quin
400 1837 485 1877 sine
502 1851 581 1877 me.
633 1852 708 1891 ego
725 1838 951 1890 hominem,
966 1853 1017 1878 ne
1035 1838 1206 1891 dubites,
1223 1841 1556 1895 expergefaciam.

92 1894 184 1935 Bal.
266 1893 381 1941 Quid
413 1893 616 1935 facturus?

94 1952 197 1993 Com.
209 1963 248 1992 2.
637 1951 773 2005 Caput
805 1952 860 1992 illi
893 1953 1130 2006 perfricabo.

264 2010 348 2062 Ah,
381 2010 436 2049 mi
470 2008 655 2051 Villane!

93 2067 171 2110 Vil.
663 2068 715 2108 oh
747 2066 823 2108 oh!

93 2125 244 2166 Coma.
822 2126 906 2178 Ah,
929 2127 985 2166 mi
1014 2126 1171 2180 sodalis,
1194 2138 1379 2170 mortuus
1409 2144 1464 2170 es.
1514 2151 1556 2180 40

183 2212 211 2239 S.
232 2212 264 2238 F.
1441 2220 1461 2254 3
