1731 2360
78 170 187 210 ACT.
213 183 251 226 3,
274 170 336 212 Sc.
363 172 423 225 5³]
504 161 1130 213 HISTRIOMASTIX
1469 178 1539 228 49

79 292 170 333 Phi.

78 350 168 390 Pla.

78 523 169 563 Phi.

77 637 168 678 Pla.

77 695 168 735 Phi.

79 752 169 793 Pla.

77 809 168 850 Phi.

77 867 168 909 Pla.

77 981 167 1022 Phi.

76 1039 167 1080 Pla.

77 1153 167 1195 Phi.

75 1210 165 1252 Pla.

76 1443 167 1484 Phi.

77 1616 169 1657 Pla.

76 1674 166 1714 Phi.

79 1789 169 1829 Pla.

78 1846 170 1887 Phi.

79 1903 168 1944 Pla.

78 1961 168 2002 Phi.

78 2019 168 2059 Pla.

77 2134 166 2175 Phi.

174 2218 254 2245 S..

253 294 507 341 Quomodo?

508 349 645 390 Primo
676 363 891 402 congressu
922 348 1129 401 aliquanto
1161 348 1329 399 facilior,
1503 369 1541 398 14

250 420 384 461 postea
400 408 508 462 quasi
529 406 680 446 Villani
703 420 857 445 amores
879 405 1083 445 fastidiens
1101 406 1153 445 ita
1170 406 1356 459 turgebat
1373 405 1539 446 subdola

251 477 294 506 vt
325 467 535 505 hominem
567 478 670 516 pene
701 463 972 504 exanimalem
1005 463 1180 516 reliquit.

1179 521 1245 560 Ha
1276 535 1453 574 nequam
1474 519 1482 560 !

250 581 315 620 sed
348 579 534 633 nunquid
565 593 660 619 eum
693 577 933 632 dereliquit?

944 635 1183 688 planissime.

250 694 434 735 serione?

441 752 497 792 sic
528 751 774 792 Villanus—

253 809 367 857 Quid
399 809 464 850 ille
496 809 580 849 ibi?

575 867 710 907 nescio
741 877 841 920 quot
871 866 1061 920 lugubres

248 924 462 979 Expirauit
484 924 704 965 cantilenas
724 924 930 965 lachrimis
951 925 1162 965 comitatas
1184 936 1224 964 et
1245 925 1433 981 suspirijs.
1501 946 1542 968 πο

253 982 391 1023 Ludos
421 983 542 1023 nimis
572 982 724 1035 lepidos
754 996 900 1034 narras,
933 982 1000 1022 sed
1032 982 1127 1035 quid
1159 993 1249 1022 tum
1281 983 1446 1035 postea?

251 1039 394 1081 Postea
424 1040 621 1094 bracchijs
652 1039 902 1092 complicatis
934 1050 974 1079 et
1007 1040 1168 1080 dimisso
1200 1040 1330 1093 capite

250 1098 297 1138 de
318 1098 450 1138 subito
472 1099 607 1138 nescio
628 1112 710 1151 quo
731 1096 908 1137 auolauit
931 1098 1039 1137 hinc.

494 1157 543 1195 ha
566 1156 616 1194 ha
637 1156 688 1195 he
707 1153 714 1195 !
760 1155 972 1194 hominem
995 1155 1059 1207 pol
1083 1155 1311 1209 elegantem
1334 1156 1537 1209 praedicas.

251 1212 326 1254 Sed
351 1213 447 1266 quid
475 1213 504 1252 si
539 1212 603 1252 ille
629 1213 724 1266 (qua
754 1223 813 1251 est
844 1213 1089 1265 temeritate)
1117 1213 1154 1252 id
1186 1213 1288 1252 serio
1316 1213 1437 1254 faciat

249 1270 359 1324 quod
391 1269 555 1310 Ballada
586 1271 686 1321 ioco,
719 1284 795 1309 nec
826 1269 969 1309 adduci
1001 1271 1149 1323 poterit
1500 1290 1539 1321 25

249 1339 292 1367 vt
322 1342 478 1368 amores
510 1338 768 1381 persequatur
797 1341 935 1380 vsque,
968 1327 1150 1380 profecto
1182 1327 1400 1369 Comoedia

253 1400 359 1441 aegre
391 1385 557 1425 Villano
588 1399 722 1425 carere
753 1395 898 1438 potest.

880 1442 966 1495 pish
997 1458 1048 1483 ne
1081 1454 1125 1483 tu
1158 1444 1259 1483 istuc
1291 1454 1462 1496 metuaS,

251 1515 391 1553 pacem
423 1501 527 1540 inter
559 1500 647 1540 illos
677 1514 751 1553 ego
783 1500 1008 1540 conciliabo
1040 1500 1169 1542 facile.

249 1557 337 1598 aliae
370 1572 436 1597 me
467 1572 575 1597 curae
610 1568 814 1610 premunt.

251 1615 361 1663 Quae
395 1630 489 1655 vero
520 1614 662 1655 curae?
703 1615 765 1655 fac
797 1629 862 1655 me
895 1626 939 1655 ut
969 1616 1106 1656 sciam.
1499 1639 1540 1670 30

249 1672 414 1726 Nempe
446 1673 514 1726 qui
548 1672 675 1725 Fuco,
707 1673 786 1712 huc
820 1672 922 1712 forte
953 1673 983 1713 si
1016 1674 1309 1727 remigrauerit,

249 1745 299 1770 ne
317 1744 412 1770 cum
436 1741 546 1783 patre
569 1744 661 1769 meo
680 1744 909 1770 sermonem
932 1731 1128 1783 conferat,
1145 1732 1401 1774 obstruamus
1417 1734 1537 1775 viam.

248 1788 342 1828 Vah
376 1787 491 1828 facile
523 1788 669 1840 poteris
699 1787 814 1827 illum
847 1787 1017 1828 amoliri.

958 1856 1003 1885 tu
1024 1861 1164 1899 quaeso
1186 1858 1228 1887 vt
1250 1849 1396 1901 possim
1419 1850 1533 1890 doce.

249 1903 432 1956 nunquid
456 1903 526 1942 tibi
549 1902 875 1955 superpellicium
898 1917 981 1943 non
1004 1914 1062 1944 est
1083 1916 1122 1944 et
1145 1904 1301 1957 pileus?

250 1975 345 2000 nam
376 1975 447 2001 cur
478 1961 582 2000 istud
617 1959 790 2014 rogitas?

764 2018 824 2058 his
844 2028 1009 2059 ornatus
1030 2019 1145 2060 Fuco
1166 2022 1336 2072 procede
1359 2023 1537 2077 obuiam,

250 2075 458 2115 hominem
475 2089 618 2131 apages
635 2075 754 2115 illico.

770 2134 819 2172 ha
837 2134 888 2173 ha
907 2134 969 2174 he.
