1731 2360
56 192 165 232 AcT.
191 202 229 244 5,
246 192 308 233 Sc.
334 192 393 246 5³]
476 186 1102 237 HISTRIOMASTIX
1452 186 1511 238 81

53 312 144 354 Phi.

53 428 139 493 Iud3

52 485 142 526 Pht.

52 658 90 698 F
88 673 140 699 uc.

49 716 135 769 Ing.

50 772 142 814 Phi.

48 947 134 1000 Ing.

48 1063 73 1102 I
73 1064 136 1104 ud.

49 1120 140 1161 Phi.

48 1236 135 1290 Ing.

46 1294 134 1335 Iud.

49 1408 88 1449 F
85 1425 139 1450 uc.

45 1583 70 1622 I
70 1583 131 1623 ud.

44 1698 128 1750 Ing.

45 1754 134 1796 Phi.

42 1929 129 1970 Iud.

42 2043 134 2085 Phi.

41 2102 126 2154 Ing.

224 313 455 354 scortorum
508 315 633 355 vtitur
684 316 714 355 is
765 315 1058 356 consuetudine
1109 330 1206 370 quas
1255 331 1408 357 sorores
1454 316 1518 357 ille

342 382 540 412 nommat.

210 444 301 469 vera
332 428 542 482 loquitur?

570 488 703 528 hercle
734 502 828 528 vero
860 489 914 528 ita
946 489 1090 528 iuravit
1122 488 1300 542 Ignavia.

226 544 480 586 Convocavit
501 547 575 586 hac
599 547 680 598 ipsa
701 556 822 586 nocte
843 556 1030 586 senatum
1053 547 1176 586 etiam
1205 546 1517 588 fraterculorum

341 614 381 643 et
412 618 653 644 sororum—

222 659 422 714 Nunquid
454 676 528 715 ego
560 660 776 701 hariolatus
809 675 892 700 non
923 675 1013 701 sum
1046 661 1124 701 hoc
1156 661 1273 702 fore?

220 716 356 758 Porro.

394 777 458 816 vbi
491 777 675 816 cantibus
705 775 948 829 saltibusque
981 776 1263 817 inverecundis
1294 777 1363 817 diu
1477 798 1515 820 10

224 832 378 886 Seipsos
409 833 666 874 deleniebant
697 844 816 887 atque
850 832 987 873 Fucus
1018 834 1156 873 restim
1189 834 1360 875 ductans

222 888 422 930 Prinkum
453 892 654 944 prankum
686 892 741 930 vti
773 903 921 931 vocant
951 890 1120 931 saltavit.

1138 950 1188 989 ha
1219 950 1270 989 ha
1301 948 1380 990 he!

224 1005 369 1046 Risum
400 1008 581 1058 teneatis,
613 1007 746 1046 amici.

759 1063 845 1111 Qui
878 1063 946 1103 illa
976 1064 1053 1104 hoc
1085 1064 1230 1104 novit?

222 1120 356 1174 Ipsam
389 1121 454 1161 ille
485 1122 791 1175 speculatricem
827 1122 1012 1174 apposuit
1043 1136 1094 1161 ne
1126 1123 1213 1176 quis
1250 1123 1514 1164 interveniret

335 1179 500 1220 alienus.

217 1236 284 1276 Ha
301 1237 352 1276 ha
369 1237 439 1277 he:
465 1252 528 1276 nae
546 1251 620 1290 ego
635 1236 751 1277 illum
766 1237 939 1276 defessus
956 1251 1046 1276 sum
1061 1236 1291 1278 deridendo.
1310 1237 1376 1278 Ha
1391 1240 1453 1280 he.
1475 1260 1512 1290 15

220 1293 336 1341 Quid
357 1295 424 1346 ais,
448 1295 551 1334 bone
573 1295 654 1334 vir?
687 1293 824 1334 nullus
847 1295 942 1334 huic
965 1295 1045 1334 iam
1067 1295 1210 1347 opinor
1231 1296 1365 1336 subest
1387 1297 1510 1337 color.

217 1351 376 1405 Ecquid
409 1351 561 1405 pudet?

575 1409 676 1451 Sane
708 1424 802 1449 vero
834 1409 941 1449 idem
975 1409 1160 1450 fecerunt
1191 1411 1357 1463 spectati
1391 1412 1511 1452 multi

219 1466 275 1508 Et
307 1468 400 1507 boni
433 1468 519 1519 viri,
551 1478 670 1521 atque
701 1482 837 1508 revera
868 1466 1076 1507 laudabilis
1107 1478 1164 1508 est
1195 1469 1285 1509 haec
1317 1471 1510 1510 recreatio

217 1524 254 1565 Si
288 1540 404 1578 parce
435 1536 596 1565 Vtamur
627 1536 667 1565 et
697 1526 827 1565 sobrie
859 1535 899 1565 et
930 1524 1177 1565 clanculum.

1145 1584 1325 1625 defendis
1355 1585 1510 1627 etiam?

218 1640 256 1681 Si
288 1655 370 1680 non
404 1652 442 1680 te
474 1641 611 1693 pudet,
642 1639 830 1681 simulare
861 1651 969 1680 certe
1001 1651 1059 1680 est
1090 1641 1279 1681 hominis.
1468 1663 1510 1684 20

219 1698 311 1738 Imo
341 1698 557 1738 simulandi
590 1713 731 1738 omnes
763 1697 953 1738 articulos
983 1699 1097 1738 novit
1128 1699 1294 1751 optime.

216 1755 389 1807 Verum,
427 1766 551 1808 pater,
587 1771 637 1796 an
676 1755 742 1796 ille
785 1757 862 1796 hoc
894 1755 1074 1796 multum
1107 1756 1207 1796 feret
1249 1771 1352 1796 meae
1398 1759 1507 1812 quod

330 1813 559 1854 Comoediae

217 1870 463 1911 malefecerit
482 1870 494 1910 ?

508 1929 714 1981 vindictae,
748 1928 1036 1982 Philomaffles,
1060 1929 1150 1970 loco
1182 1930 1256 1970 erit

216 1987 322 2026 Haec
353 2001 422 2026 sua
454 1987 682 2039 patefecisse
714 1988 903 2027 facinora.

889 2060 940 2085 an
974 2043 1166 2086 Plausum
1198 2062 1292 2088 vero
1324 2050 1509 2092 auferet?

218 2100 346 2142 Probe
383 2101 449 2155 pol
486 2116 640 2142 mones.
701 2112 820 2156 atque
856 2117 1001 2143 eccum
1038 2104 1273 2156 pudibunda
1309 2106 1374 2146 vbi
1416 2123 1508 2161 pro-

328 2160 431 2212 repit
463 2159 696 2201 Comoedia.
1466 2186 1504 2218 25

154 2249 214 2276 ,Ε
1390 2248 1412 2282 6
