1731 2360
85 159 194 200 AcT.
217 172 257 211 4,
275 159 338 200 Sc.
365 159 426 213 7²]
509 146 1132 201 HISTRIOMASTIX
1480 161 1542 214 71

85 453 177 494 Phi.

86 511 123 551 F
121 526 174 551 uc.

86 625 180 667 Phi.

86 856 174 896 Fue.

88 1490 111 1529 I
113 1505 179 1529 nv.

90 1547 178 1587 Cal.

89 1605 112 1644 I
113 1620 178 1644 nv.

92 1662 181 1702 Cal.

89 1836 114 1875 I
115 1850 180 1875 nv.

93 1893 128 1933 C
130 1892 182 1932 al.

90 1951 115 1990 I
115 1966 180 1990 nv.

92 2007 180 2048 Cal.

90 2066 181 2105 Inv.

255 282 395 335 Atque
424 281 585 333 insuper
609 294 659 319 ex
685 278 823 318 animo
854 290 1010 329 praecor
1040 285 1081 314 vt
1107 274 1185 314 hoe
1214 284 1457 327 perpetuum
1479 273 1551 312 siet

397 338 590 392 gaudium
621 336 692 376 tibi

256 396 312 436 Et
343 395 444 435 nihil
477 396 518 434 in
550 393 754 434 amoribus
785 392 865 432 tuis
896 391 1108 444 contingat
1141 388 1406 443 aegritudinis.

265 452 379 500 Quid
412 454 488 492 hoc
505 451 518 491 ?

415 509 485 550 Ne
516 509 673 548 mirere.
737 522 787 547 ex
820 507 986 546 inimico
1018 520 1069 545 en
1102 520 1168 544 me
1201 502 1446 545 benevolum
1479 503 1550 543 tibi

256 569 470 619 Amicum,
503 568 543 606 in
575 566 717 620 quovis
747 564 838 604 loco
869 564 1050 604 amicum
1081 561 1245 602 fidelem
1276 576 1382 602 sane.

261 625 398 667 Salvus
428 639 518 665 sum
549 625 578 664 si
611 638 726 663 verus
758 634 816 662 est
842 632 882 662 et
911 621 1040 661 salvus
1069 631 1127 660 est
1158 619 1324 660 Plausus
1350 619 1476 659 nobis.
1511 637 1552 668 70

257 682 333 723 Ibo
365 684 487 736 igitur
519 682 754 735 quaesitum.
818 680 943 730 Fuce,
975 679 1107 718 subita
1137 693 1228 717 mea
1258 688 1353 717 sunt
1390 677 1553 730 negotia

257 740 316 781 Vt
347 751 476 795 grates
509 740 579 779 tibi
612 738 751 792 dignas
782 737 1008 790 persoluere
1039 750 1255 789 nequeam,
1284 749 1425 774 verum
1457 733 1552 773 alias

374 797 533 837 abunde
565 797 710 836 fecero.

257 856 325 896 Ha
346 856 420 896 he!
463 857 632 909 “grates
661 853 887 906 persoluere
909 852 1049 906 dignas
1073 850 1316 904 nequeam.''
1367 850 1552 901 vicimus,

375 927 556 953 vic1mus.

259 971 401 1012 Credit
434 972 513 1022 hic,
545 969 716 1009 credunt
749 968 817 1020 illi,
852 968 1012 1007 Fucum
1045 968 1198 1006 exuisse
1232 967 1387 1006 fucum.

257 1029 377 1069 Tuto
408 1030 487 1068 iam
520 1028 640 1067 nimis
673 1026 934 1067 Comoediam
967 1025 1229 1078 pessumdabo.
1282 1024 1350 1064 sed
1381 1032 1552 1076 expecto

375 1084 586 1126 veneficas.
1515 1098 1553 1130 75

261 1144 471 1191 Quaenam
494 1154 551 1183 est
575 1143 712 1182 isthaec
736 1141 874 1181 mora?
915 1142 968 1181 oh
992 1141 1158 1180 tandem
1182 1140 1346 1180 tandem
1368 1139 1551 1179 veniunt.

654 1291 890 1337 SCAENA
930 1298 988 1349 72.

351 1398 481 1437 Fucus.
542 1396 717 1436 Invidia.
783 1396 1007 1436 Calumnia.
1073 1395 1285 1435 Comoedia.

261 1487 495 1538 Calumnia,
529 1487 750 1528 Calumnia
782 1487 963 1540 inquam.

1008 1544 1162 1595 adsum,
1195 1543 1363 1583 Invidia.

260 1601 404 1650 Quid!
447 1602 634 1656 nunquid
666 1613 799 1655 parata
829 1613 925 1642 sunt
955 1600 1123 1641 omnia?

1126 1659 1237 1699 Hem
1268 1659 1340 1698 tibi

264 1717 389 1758 Pullae
423 1733 609 1759 cruorem
640 1732 771 1771 agnae,
805 1718 898 1757 hem
930 1718 1094 1757 barbam
1125 1716 1224 1769 lupi,

265 1776 375 1816 Hem
406 1776 583 1816 colubrae
617 1775 782 1815 dentem
814 1786 854 1815 et
886 1775 1068 1828 plumam
1101 1785 1315 1814 nocturnae
1348 1774 1491 1828 strigis.

263 1833 437 1887 Optima
469 1831 717 1874 Calumnia!
759 1844 799 1873 at
830 1834 895 1872 vbi
928 1843 986 1873 est
1017 1833 1151 1886 imago
1182 1831 1325 1872 cerea?
1539 1852 1555 1883 5

265 1891 413 1932 Ceram
445 1893 502 1931 vis
533 1892 574 1930 in
606 1906 686 1945 qua
717 1889 916 1943 insculpta
946 1901 1006 1930 est
1038 1889 1269 1931 Comoediae
1302 1890 1482 1944 effigies?

260 1948 518 2002 Ipsissimam.

545 2006 656 2046 Hem
688 2005 773 2047 tibi.

790 2063 905 2105 Cedo
936 2064 1050 2104 mihi.

265 2123 371 2163 Haec
403 2122 501 2162 dum
532 2121 718 2176 liquescit
750 2122 832 2176 igni
865 2136 968 2174 cera,
1001 2121 1210 2175 languebit
1241 2119 1459 2162 Comoedia
