1731 2360
133 146 203 198 70

130 259 168 299 F
166 275 219 301 uc.

127 375 212 427 Ing.

129 431 167 472 F
165 448 217 473 uc.

126 605 210 657 Ing.

126 662 164 702 F
162 679 215 703 uc.

124 893 208 945 Ing.

123 1123 212 1164 Fue.

123 1181 210 1235 Ing.

120 1239 209 1280 Fue.

121 1469 212 1511 Phi.

118 1585 207 1626 Fuc.

115 1700 206 1742 Phi.

115 1816 204 1882 Fuq.

114 1873 204 1915 th.

113 1931 203 1974 Fuc.

744 134 990 184 FUCUS
1258 142 1386 196 [Am.
1409 155 1450 194 4,
1467 141 1528 183 sc.
1552 140 1598 181 ει

675 262 750 303 Tu
781 263 946 304 forsitan
978 277 1090 303 nunc
1119 262 1259 314 credis,
1290 262 1524 316 Ingenium,
1555 279 1595 311 45

303 317 420 359 Male
450 333 517 359 me
548 320 694 360 habere
722 335 956 374 prosperum
983 334 1211 361 successum
1241 320 1470 362 Comoediae
1498 329 1595 360 tuae.

304 375 517 423 Quorsum
547 376 718 418 evadet?

742 436 802 475 At
834 436 889 475 ita
919 435 1019 474 mihi
1051 436 1266 489 obtingant
1296 450 1387 489 quae
1419 434 1526 486 volo,

300 491 359 531 Vt
395 507 470 547 ego
507 493 584 532 hoc
621 503 783 533 tantum
821 494 978 533 bonum
1010 494 1143 546 potius
1177 493 1250 533 tibi
1287 491 1478 547 gratulor,
1509 492 1592 532 imo

414 564 521 590 sane.

302 607 372 646 An
405 608 482 647 hoc
514 623 562 648 ex
594 609 732 648 animo
763 608 875 660 dicis,
906 608 1048 649 Fuce?

1082 666 1184 707 Sane
1214 681 1310 706 vero
1340 680 1388 706 ex
1419 665 1572 717 animo,

299 720 355 761 Et
391 723 420 762 si
458 723 623 776 quando
658 725 817 764 eveniat
859 724 1014 764 occasio
1056 735 1098 764 vt
1139 725 1210 764 tibi
1252 738 1342 764 vsus
1381 723 1431 764 sit
1470 737 1592 776 opera

412 791 549 820 nostra
1552 799 1593 830 50

297 836 427 877 Tunc
458 839 584 893 magis
614 840 771 879 senties.

812 896 1031 943 Quantum
1063 897 1196 948 audio,
1232 898 1350 937 huius
1380 895 1504 937 fidem

297 950 511 1005 Perperam
552 955 723 993 antehac
759 965 984 1006 suspectam
1022 955 1158 994 habui.
1228 955 1293 994 sed
1327 953 1493 995 Plausus
1528 955 1591 994 in-

412 1011 640 1051 veniundus
670 1022 727 1051 est
759 1013 873 1052 mihi.

296 1067 420 1120 Fuce,
454 1069 556 1108 bene
588 1069 659 1109 tibi
691 1070 753 1109 sit.
815 1071 978 1123 negotia
1010 1070 1256 1110 incumbunt
1287 1070 1401 1109 mihi.

294 1124 411 1177 Vale,
443 1126 676 1179 Ingenium,
710 1138 840 1166 vortat
873 1129 974 1168 bene
1004 1128 1113 1181 quod
1144 1129 1238 1183 agis.

1260 1197 1416 1240 granas.

1429 1243 1546 1286 male.

292 1298 344 1338 ha
365 1298 416 1339 he
436 1297 443 1339 Ι
478 1300 703 1354 “gratias'’
756 1315 820 1340 nae
845 1301 1056 1340 hominem
1079 1301 1338 1353 perfabricavi
1360 1301 1503 1354 lepide.
1543 1323 1582 1353 55

296 1355 382 1402 Qui
414 1357 444 1397 si
476 1358 593 1397 sciret
625 1358 721 1410 quid
754 1373 829 1412 ego
860 1373 993 1398 versor
1025 1360 1066 1398 in
1099 1359 1176 1398 hoc
1207 1374 1354 1399 arcano
1385 1369 1560 1412 pectore,

297 1413 420 1454 Haud
451 1426 586 1470 ageret
617 1416 776 1470 gratias.
838 1415 947 1456 Ecce
979 1427 1116 1456 autem
1147 1415 1333 1457 alterum.

294 1471 374 1511 Nae
408 1486 482 1525 ego
513 1487 603 1512 sum
635 1474 755 1513 miser
787 1484 904 1513 natus
935 1473 1010 1528 dijs
1041 1474 1217 1513 inimicis
1247 1475 1437 1515 omnibus

290 1528 370 1569 Cui
402 1531 543 1570 omnia
571 1531 627 1570 sic
658 1542 766 1571 retro
797 1532 949 1571 cedunt
980 1542 1020 1571 et
1052 1532 1313 1584 inauspicato.

289 1586 465 1628 Calescit
496 1588 574 1628 hoc
607 1589 831 1642 negotium.
894 1590 1079 1630 turbatur
1111 1590 1191 1628 iam
1222 1590 1404 1630 vniversa
1439 1589 1584 1630 domus

292 1644 418 1692 Quod
450 1644 642 1686 Plausum
674 1647 896 1686 amiserint.

927 1715 1048 1758 atque
1079 1719 1222 1745 eccum
1254 1705 1319 1745 vbi
1351 1705 1531 1746 ambulat

289 1759 429 1807 Quem
461 1775 537 1816 ego
568 1760 761 1801 Plausum
792 1763 981 1815 eripuisse
1010 1763 1201 1815 suspicor.
1540 1773 1581 1806 62

287 1817 395 1864 Quis
425 1819 491 1859 hic
523 1818 737 1872 loquitur?
789 1818 1139 1871 Philomathes‚—

1088 1892 1154 1917 me
1183 1877 1414 1932 alloquitur.

286 1932 401 1979 Quid
442 1947 518 1987 ego
558 1935 784 1974 commerui
821 1935 931 1988 quod
967 1950 1071 1989 aqua
1103 1936 1318 1976 benedicta
1348 1946 1433 1976 tam
1465 1937 1579 1977 inve-

401 2002 518 2031 nuste
549 2006 616 2031 me
646 1992 875 2044 acciperes?

288 2047 453 2103 Dignus
488 2063 563 2102 ego
598 2049 736 2089 videor
767 2050 842 2090 hac
873 2049 1158 2091 contumelia?
1207 2051 1276 2091 sed
1308 2051 1472 2106 ignosco
1503 2052 1576 2092 tibi

398 2106 490 2158 hoc,
523 2105 814 2160 Philomathes‚
1535 2119 1576 2161 65
