1731 2360
86 165 195 207 Αςτ.
216 179 258 218 4,
281 165 342 207 Se.
369 167 429 221 5³]
509 160 1136 211 HISTRIOMASTIX
1482 160 1551 229 67

87 287 166 329 Vil.
853 289 988 329 Abeat
1018 289 1084 329 vbi
1116 288 1213 329 velit
1245 304 1314 342 per
1344 304 1412 330 me
1442 289 1549 330 licet.

85 344 176 387 Phi.
256 348 317 387 At
338 348 368 387 si
391 348 561 388 dimittis
581 348 667 387 sine
689 347 891 398 mercede,
913 347 982 400 qui
1006 361 1118 400 posse
1146 356 1262 399 putas
1281 348 1408 387 vitam
1436 361 1550 388 suam

371 405 504 445 alere?

87 459 164 501 Vil.
256 462 348 503 Vah
385 477 468 516 quo
503 463 629 503 vitam
664 472 862 503 sustentet
897 476 1024 514 suam,
1066 462 1250 502 corradet
1293 462 1323 502 is
1362 461 1550 503 alicunde

372 520 499 560 facile.

85 575 181 616 Phi.
262 577 379 618 Salse.

86 632 127 674 V
123 634 164 675 il.
404 634 480 675 Sed
500 635 696 688 quoniam
718 634 890 674 liberalis
911 634 1033 674 videri
1058 635 1194 687 cupio,
1217 648 1333 674 eccos
1354 635 1426 675 tibi
1449 635 1549 676 duos

372 692 575 742 denarios3
1508 702 1548 743 65

256 749 350 790 Post
380 750 445 789 vbi
477 749 811 802 capillamentum
844 749 942 789 illud
973 749 1092 790 sutile
1123 750 1172 789 ad
1203 763 1270 789 me
1300 749 1503 802 detuleris,

255 807 418 847 Alteros
457 818 590 847 tantos
630 807 790 847 dedero.
866 822 1004 847 annon
1047 807 1236 860 prodigus
1277 822 1368 847 sum
1409 808 1546 859 nimis,

371 864 647 906 Philomathes
664 865 677 905 ?

82 921 172 962 Phi.
254 921 378 963 Certe
409 937 603 976 perquam
637 922 852 963 beneficus.

84 979 174 1020 Cin.
850 979 973 1021 Certe
1003 995 1121 1033 supra
1151 980 1320 1020 modum
1351 980 1545 1022 sordidus.

85 1036 124 1078 V
122 1037 162 1077 il.
255 1037 370 1085 Quid
401 1037 486 1078 ais?

83 1095 174 1135 Cin.
496 1096 637 1136 Redde
668 1096 768 1136 mihi
801 1095 1028 1148 speculum,
1061 1097 1139 1135 hoc
1169 1096 1245 1136 aio.

84 1151 120 1193 V
121 1152 161 1192 il.
253 1152 333 1193 Vbi
373 1153 532 1194 redieris
560 1168 656 1193 cum
685 1153 983 1206 capillamento,
1018 1154 1198 1207 inquam,
1229 1153 1429 1195 reddetur.
1494 1169 1545 1195 ne

368 1221 478 1251 time.
1507 1231 1548 1262 70

81 1267 172 1308 Phi.
253 1267 419 1308 Morem
469 1283 573 1322 gere.
625 1268 790 1309 Eamus.
854 1269 1106 1321 iamdudum,
1149 1268 1326 1321 Villane,
1364 1284 1437 1309 nos
1473 1284 1544 1310 ex·-

368 1337 552 1379 spectant
584 1327 707 1366 domi.

83 1382 161 1424 Vil.
251 1383 407 1423 Annon
438 1399 555 1437 supra
585 1385 755 1424 modum
786 1384 933 1424 arridet
964 1384 1035 1424 tibi
1068 1399 1136 1424 cos
1165 1385 1313 1424 amoris
1345 1384 1510 1425 noster?

80 1440 171 1481 Phi.
254 1441 403 1481 Hercle
435 1441 600 1482 festivus
630 1452 700 1482 est.
763 1442 939 1482 demiror
971 1441 1138 1482 Plausus
1168 1442 1232 1481 vbi
1265 1443 1352 1482 siet.

255 1499 427 1539 fortassis
460 1514 532 1539 nos
562 1510 700 1540 manet
732 1500 853 1539 intus.
918 1501 1090 1551 imusne,
1122 1500 1178 1539 mi
1211 1514 1279 1540 cos
1309 1500 1486 1540 amoris?

81 1556 159 1597 Vil.
183 1556 327 1610 (cant.).
424 1556 586 1596 Bellum
616 1572 641 1596 o
671 1558 819 1597 amoris
849 1567 998 1609 cotem,
1503 1576 1541 1608 75

422 1614 599 1667 amplam
630 1616 721 1654 satis
752 1625 859 1655 certe
890 1615 1042 1667 dotem,

424 1673 483 1711 At
514 1672 769 1712 fortunatum
801 1673 853 1712 oh
887 1672 1100 1712 Villanum

426 1729 538 1770 Cum
571 1729 747 1770 Balladae
781 1731 991 1785 continget
1022 1745 1206 1783 manum,

425 1786 481 1827 Et
511 1802 533 1826 a
564 1797 648 1827 tam
681 1786 881 1840 pulchella
911 1789 1058 1828 amasia

423 1855 591 1885 centum
622 1856 710 1898 post
740 1846 909 1898 accipiet
942 1847 1059 1886 basia.
1501 1859 1544 1889 80

1005 1901 1085 1943 The
1115 1902 1226 1960 Jigg.
