1731 2360
90 1268 188 1308 Pru.

93 1326 128 1366 C
130 1340 183 1366 or.

90 1440 180 1481 Fuc.

91 1556 182 1597 Cor.

86 1787 187 1828 Pru.

87 1845 125 1885 F
124 1861 176 1886 uc.

88 2077 123 2117 C
125 2092 179 2117 or.

697 101 943 151 FUCUS
1208 108 1335 161 [Aer.
1363 121 1398 160 1,
1420 108 1482 149 Sc.
1511 112 1551 148 ι’

258 231 338 295 Ha,
371 231 434 282 ha,
467 231 531 282 he,
562 230 659 295 quid
691 240 735 270 tu
767 229 934 270 autem?
971 244 1109 270 annon
1141 230 1228 269 haec
1261 230 1420 282 patri—
1508 238 1550 271 60

258 289 442 340 minime,
475 289 658 353 minime,
690 288 790 342 quin
822 288 955 341 potius
987 302 1051 327 me
1083 301 1166 326 non
1198 287 1332 327 videre
1362 286 1537 337 simulo;

258 356 549 410 praeceptorem
583 346 706 385 etiam
742 344 899 398 appello
931 359 1071 386 meum
1108 354 1148 384 et
1182 344 1338 384 homini
1374 355 1552 385 assentor

375 403 570 457 gnaviter.

258 461 436 513 Amabo,
467 459 766 514 quamobrem?

759 517 911 558 scilicet
932 532 983 557 ne
1005 527 1160 570 patrem
1183 516 1416 558 inconciliet
1438 517 1553 568 mihi,

259 575 386 623 Quod
401 576 504 616 facili
522 576 687 629 negotio
699 575 874 615 efficeret
890 575 964 615 nisi
981 589 1137 615 morem
1151 585 1346 628 perpetuo
1359 588 1552 628 gererem.

258 633 394 674 Doleo
425 633 612 687 equidem
646 634 750 673 vices
781 643 883 683 tuas,
911 632 978 673 sed
1009 631 1122 685 plura
1153 633 1201 672 de
1232 633 1307 672 hac
1339 646 1380 672 re
1411 631 1476 671 vbi
1505 631 1554 672 ad

376 702 415 731 te
448 705 650 731 revenero.
1512 698 1552 739 65

259 748 420 789 Interea
450 748 550 788 vale.

568 805 668 858 vale,
700 806 766 846 sed
797 805 887 845 vide
919 805 1165 846 memineris.

259 864 325 904 Ne
356 863 525 904 dubites.

507 935 582 975 ego
600 936 692 961 vero
715 935 782 960 me
804 921 923 961 intro.
971 919 1038 960 sed
1061 919 1164 959 fores
1181 934 1203 959 a
1220 920 1335 959 nobis
1353 934 1556 973 crepuere.

1374 976 1558 1030 [Exeunt.

457 1093 680 1140 ACTUS
725 1101 796 1140 1¹¹⁵.
870 1093 1089 1139 SCENA
1128 1100 1187 1138 2³.

352 1193 480 1235 Fucus.
543 1193 775 1235 Prudentia.
841 1194 1036 1234 Cornelius
1067 1194 1106 1233 in
1138 1194 1296 1248 insidijs.

264 1267 419 1308 Divine
450 1268 522 1320 vir,
550 1283 708 1321 nequeo
740 1278 853 1308 tuam
885 1268 977 1308 satis
1009 1267 1227 1308 deosculari
1259 1268 1557 1310 excellentiam.

264 1326 334 1366 Ah
359 1336 491 1366 astuta
520 1340 603 1365 non
640 1326 850 1365 hominem
884 1324 1088 1365 osculatur
1120 1325 1187 1365 sed
1221 1326 1399 1367 hominis
1428 1326 1560 1368 excel-

377 1383 558 1424 lentiam.
1111 1379 1115 1383 ⁶

264 1441 413 1494 Neque
445 1456 533 1496 ego,
564 1456 654 1481 mea
688 1439 924 1491 Prudentia,
958 1440 1149 1493 amplecti
1180 1455 1286 1494 queo
1318 1442 1411 1482 satis
1445 1452 1557 1483 tuam

377 1499 646 1552 prudentiam.

264 1555 380 1610 Euge
408 1571 531 1610 quam
555 1554 735 1609 lepidus!
769 1555 994 1608 prudentia,
1024 1570 1119 1596 cum
1146 1556 1195 1596 sit
1217 1556 1356 1609 virtus,
1379 1558 1560 1598 consistit

380 1614 420 1654 in
453 1614 602 1665 medio,

262 1672 386 1726 Ergo,
416 1672 599 1711 medium
631 1671 810 1712 mulieris
840 1670 1137 1724 amplectendo,
1169 1671 1270 1712 illius
1301 1671 1561 1725 amplectitur

377 1730 647 1782 prudentiam.
1538 1750 1554 1781 5

261 1787 337 1828 Sed
367 1787 464 1841 quid
496 1787 567 1827 sibi
601 1786 688 1827 vult
720 1787 807 1827 haec
838 1786 1003 1837 aversio,
1037 1786 1091 1826 mi
1126 1786 1236 1826 Fuce
1267 1786 1525 1829 dulcissime?

259 1845 362 1886 Sane
395 1860 477 1884 non
509 1845 618 1898 quod
651 1845 799 1884 amoris
832 1845 890 1884 tui
923 1844 1146 1896 distaedeat‚
1181 1859 1263 1884 non
1295 1859 1404 1897 sane,

259 1918 403 1943 verum
433 1904 489 1942 sic
518 1903 658 1957 nugari
691 1903 730 1941 in
761 1901 938 1955 publico,
962 1901 1065 1941 istuc
1095 1902 1201 1941 haud
1224 1917 1289 1942 me
1312 1902 1428 1943 decet
1449 1918 1556 1945 sane.

262 1960 340 2001 Soli
374 1961 403 2000 si
436 1960 600 2014 quando
622 1975 782 2024 sumus,
815 1974 898 1999 non
930 1969 975 1999 tu
1007 1974 1073 1999 me
1104 1961 1338 2012 provocabis
1368 1961 1488 2013 prior,

260 2029 302 2058 at
335 2019 375 2057 in
408 2017 586 2071 publico,
620 2019 660 2057 in
694 2017 870 2070 publico,
901 2031 1040 2071 apage,
1071 2032 1209 2071 apage,
1242 2018 1327 2070 phi,
1359 2018 1440 2070 phi.
1521 2039 1559 2061 10

262 2076 466 2129 Equidem
498 2086 693 2115 scortator
724 2075 920 2129 egregius.
984 2075 1073 2127 quis
1104 2075 1283 2115 crederet
1314 2090 1363 2115 ex
1395 2075 1540 2117 vultu?
