1731 2360
87 138 194 180 Aer.
220 152 258 194 3,
283 139 344 180 Sc.
369 140 431 195 3³]
514 129 1139 182 HISTRIOMASTIX
1482 145 1549 196 43

88 490 166 532 Vil.

87 604 178 646 Pla.

90 662 130 704 V
128 662 170 703 zl

86 949 177 991 Phi.

90 1008 125 1047 C
127 1022 195 1048 om

87 1064 177 1105 Phi.

89 1180 195 1222 Com.

87 1294 178 1336 Phi.

88 1352 178 1393 Pla.

88 1524 178 1565 Phi.

90 1583 194 1624 Com.

88 1812 178 1855 Phi.

90 1870 194 1911 Com.

88 1927 177 1968 Phi.

88 1985 178 2026 Pla,

643 292 878 337 SCAENA
917 290 1000 351 3¹³³.

307 397 495 439 Villanus.
560 397 770 437 Comoedia.
835 395 1102 437 Philomathes.
1165 395 1339 435 Plausus.

400 489 470 530 Te
502 489 663 543 reliquit
694 490 759 540 ah,
791 488 957 539 miselle,

402 546 531 600 Virgo
563 547 682 601 longe
714 545 869 586 dulcior
901 545 1032 585 melle.

757 602 874 658 Euge
906 603 1035 656 Euge.

405 661 598 715 Quaeque
629 662 688 702 sui
721 661 841 701 decus
871 675 987 700 sexus

402 719 522 760 Tuos
552 719 656 773 fugit
687 733 798 759 nunc
829 718 1051 771 amplexus,
1538 736 1554 766 5

402 776 540 817 Etiam
572 777 809 832 dedignatur
842 776 946 816 basia

404 834 502 874 Non
535 835 666 874 amica
696 834 763 874 sed
795 834 956 873 amasia.

259 890 302 934 O
335 892 417 931 hon
449 893 655 932 hananero
686 902 905 931 tarararero
937 902 1112 930 tararero
1145 891 1240 930 hon.

259 949 420 1003 Ecquid
451 964 526 1003 ego
557 949 774 990 hariolatus
804 964 888 989 non
920 963 1010 988 sum
1043 947 1180 988 recte?

257 1007 332 1048 Sed
354 1007 459 1047 vnde
481 1008 559 1046 hoc
582 1008 686 1047 inter
708 1022 773 1046 eos
797 1007 928 1046 dicam
951 1016 1087 1046 ortum
1111 1020 1193 1045 esse
1215 1004 1418 1069 litigium.
1412 1003 1423 1034 Ρ
1515 1024 1554 1045 10

248 1065 358 1105 ‘Non
390 1075 429 1104 te
461 1065 564 1120 fugit
597 1064 806 1105 Balladam
838 1064 994 1117 procaci
1027 1078 1111 1103 esse
1143 1063 1308 1118 ingenio

260 1122 317 1163 Et
347 1122 512 1175 proclivi
544 1123 591 1161 ad
624 1122 856 1162 ludibrium

259 1179 387 1226 Quasi
420 1180 526 1219 dicas
558 1179 737 1219 Balladae
771 1179 1062 1243 complacitum
1095 1193 1175 1218 esse

261 1238 503 1278 Amatorem
525 1238 635 1277 hunc
655 1252 775 1276 suum
797 1237 922 1276 animi
948 1236 1074 1291 gratia
1102 1235 1269 1289 paulum
1297 1232 1552 1275 ludificarier.

261 1293 428 1348 Nempe
460 1295 624 1346 nostin'‚
657 1295 838 1334 faeminae
873 1292 1133 1334 ludificantur
1163 1292 1296 1333 viros?
1517 1312 1553 1342 15

263 1352 330 1392 Ha
363 1353 442 1393 He.
504 1367 612 1403 ecce,
646 1351 934 1403 Philomathes,
968 1352 1144 1391 hominis
1174 1361 1338 1391 statum.

259 1425 310 1450 en
342 1421 385 1450 vt
416 1409 571 1464 plangit
602 1420 742 1463 pectus
773 1420 813 1450 et
845 1410 975 1449 crines
1006 1409 1166 1449 lacerat.

261 1468 330 1507 An
355 1468 404 1507 ad
433 1469 544 1508 hunc
573 1467 742 1508 modum
770 1482 914 1507 omnes
934 1478 1134 1507 amatores
1156 1467 1363 1506 insaniunt
1386 1465 1552 1505 rustici?

261 1525 354 1565 Vah
388 1525 532 1565 ludum
564 1526 674 1565 hunc
707 1526 870 1577 diceres,
901 1526 931 1565 si
963 1524 1136 1564 aliorum
1171 1525 1322 1564 rabiem
1355 1537 1554 1563 cerneres.

259 1583 469 1623 Mecastor
499 1598 574 1638 ego
606 1584 672 1622 vix
704 1584 829 1623 risum
860 1583 1065 1623 contineo.
1513 1600 1555 1622 πο

259 1641 389 1694 Atqui
423 1655 560 1680 eccam
593 1640 758 1681 Ballada
789 1640 937 1695 exsilijt
970 1640 1136 1680 aedibus.

261 1696 334 1753 Dij
369 1699 478 1750 boni,
509 1698 647 1763 quales
678 1699 758 1738 iarn
791 1698 905 1738 ludos
935 1695 1234 1751 spectabimus!

260 1756 321 1795 At
342 1770 416 1811 ego
439 1770 504 1795 me
528 1756 647 1796 intro.

481 1813 581 1861 Quo
602 1828 714 1854 nunc
735 1814 833 1865 abis,
857 1813 1084 1864 Comaedia,
1112 1813 1212 1866 quin
1235 1823 1280 1852 tu
1302 1812 1367 1852 hic
1390 1810 1555 1852 manes?

261 1870 351 1926 Ego
381 1871 522 1911 absens
553 1886 728 1924 praesens
758 1872 824 1911 hic
855 1886 943 1911 sum
977 1871 1006 1911 si
1039 1871 1128 1924 quis
1161 1871 1200 1910 in
1233 1884 1353 1910 scena
1383 1870 1469 1910 siet.

263 1928 352 1984 Ego
383 1940 421 1969 te
453 1930 689 1969 comitabor.
753 1929 867 1975 Quid
900 1940 958 1980 tu,
992 1927 1187 1968 Plausus?

1180 1985 1271 2039 Ego
1515 2003 1554 2034 25

263 2042 391 2084 Probe
422 2045 487 2085 hic
518 2059 585 2084 me
615 2044 875 2097 abscondam,
902 2055 944 2084 vt
976 2044 1006 2083 si
1038 2044 1134 2097 quid
1167 2058 1232 2084 me
1261 2058 1359 2096 opus
1393 2043 1433 2082 in
1464 2056 1557 2095 pro-

375 2101 466 2142 clivi
498 2103 612 2143 siem.
